1944 3226
244 232 295 269 22
1684 225 1718 278 Ι,
1736 229 1800 266 22.

242 354 459 397 tamquam
507 344 639 396 epulis
682 345 741 383 ita
787 341 1068 393 sermonibus,
1118 341 1378 382 orationibus
1424 342 1489 382 vel
1536 343 1800 394 cogitationi-

243 414 318 454 bus
366 416 470 454 alios
525 420 702 466 pascunt
755 419 880 464 atque
927 417 1117 452 saturant
1167 412 1231 451 vel
1282 413 1362 464 ipsi
1413 418 1645 464 pascuntur
1693 414 1802 453 inter

242 498 387 524 omnes
434 490 611 527 constat,
687 482 826 522 Locos
882 483 1094 534 congessit
1146 482 1294 522 Astius
1348 482 1400 522 ad
1454 482 1800 524 Pl1aedr.227b.

242 555 572 606 Manseruntque
648 554 819 593 nomina
890 552 1002 604 apud
1070 559 1276 604 posteros
1369 552 1522 604 Itaque
1589 567 1682 593 cum
1748 553 1801 594 ad

241 626 465 676 magistros
521 623 844 675 auditionesque
906 621 1121 663 obeundas
1183 624 1454 673 conveniunt,
1518 624 1606 673 „5212
1663 624 1802 676 λόγων

242 696 513 748 (iqmvrffiavaa
560 695 806 734 ἑστίασιν“
858 693 969 745 apud
1016 692 1291 732 Plutarchum
1339 692 1408 744 (de
1448 699 1564 733 recta
1597 700 1673 735 rat.
1706 693 1801 734 aud.

242 765 352 817 421⁶.)
407 771 447 804 et
503 765 771 813 „nasfflflg‘ovmc
810 765 1007 816 καθάπερ
1053 764 1235 816 ἀτεχνῶς
1279 764 1342 803 ἐπὶ
1387 764 1590 804 δεῖπνον
1636 766 1802 817 ἥκοντες

242 836 441 875 εὐπαθεῖν
497 836 776 887 πονουμένων
827 836 979 886 ἑτέρων
1026 833 1175 887 (456.)
1251 833 1366 873 Hinc
1418 833 1467 874 de
1519 833 1655 874 Persii
1706 835 1800 874 stilo

241 907 282 945 in
337 907 578 945 universum
633 905 711 944 erit
762 904 1049 944 iudicandum.
1123 903 1243 944 Licet
1288 905 1398 943 enim
1442 903 1651 944 interdum
1698 904 1803 944 haec

243 975 293 1015 de
330 990 413 1027 qua
445 975 571 1015 modo
613 974 791 1014 disserui
833 974 1001 1014 dicendi
1040 975 1148 1014 ratio
1188 975 1228 1013 in
1270 988 1390 1014 usum
1423 976 1584 1014 venerit
1616 976 1802 1015 omnium

244 1045 567 1097 cotidianaeque
608 1059 775 1097 quoque
817 1046 870 1084 sit
908 1044 1024 1084 facta
1058 1044 1391 1097 consuetudinis,
1431 1045 1485 1084 ad
1521 1045 1685 1098 plebem
1719 1060 1801 1086 non

243 1115 481 1167 descendit,
526 1117 653 1155 immo
701 1129 974 1168 quamquam,
1021 1116 1054 1155 si
1100 1115 1153 1155 ad
1199 1116 1331 1155 solam
1372 1116 1574 1155 orationis
1619 1115 1801 1156 frontem

243 1192 427 1238 spectas,
472 1186 790 1238 diligentissime
831 1200 879 1225 ae
915 1186 1180 1225 severissime
1220 1186 1454 1237 elegantiae
1488 1186 1599 1238 leges
1634 1193 1801 1226 secutus

244 1271 333 1297 esse
368 1270 449 1296 non
485 1256 669 1307 videtur,
710 1262 850 1296 tamen
892 1270 973 1295 non
1014 1257 1145 1295 utitur
1178 1257 1255 1296 nisi
1290 1270 1482 1296 sermone
1522 1256 1634 1309 apud
1667 1256 1802 1309 philo-

244 1327 397 1379 sophos
446 1314 696 1366 oratorese
732 1334 872 1366 vetere
919 1327 1123 1366 memoria
1167 1327 1397 1368 tritissimo.
1465 1327 1516 1367 In
1562 1328 1802 1367 universum

244 1397 338 1437 dico
373 1411 551 1449 eamque
586 1403 685 1437 noto
721 1402 766 1436 ut
796 1398 967 1449 proprie
1001 1396 1248 1437 Persianam
1282 1396 1519 1437 libertatem
1554 1412 1636 1450 qua
1667 1399 1801 1447 „auri-

244 1469 346 1508 culis
388 1468 584 1520 colligere
621 1471 764 1507 escas“
806 1469 1060 1520 coniungere
1101 1469 1270 1507 omnino
1310 1469 1448 1520 potuit
1486 1467 1652 1508 audere.
1716 1466 1802 1511 Sed

244 1538 455 1578 stabilitur
488 1544 674 1578 nostrum
711 1538 763 1578 de
798 1540 885 1578 eius
920 1552 1112 1578 sermone
1142 1537 1355 1590 iudicium,
1389 1538 1553 1591 singula
1576 1540 1609 1578 si
1631 1539 1801 1591 inspici-

243 1623 346 1649 mus.
409 1608 558 1661 Neque
593 1610 702 1648 enim
738 1608 841 1648 nihil
865 1608 1031 1648 artificii
1054 1610 1120 1648 vel
1144 1608 1385 1648 calliditatis
1410 1608 1613 1660 adhibuit,
1648 1614 1693 1648 ut
1714 1610 1802 1649 triti

243 1679 401 1732 aliquid
436 1679 658 1731 refugeret.
722 1679 873 1731 Neque
913 1685 1054 1719 autem
1095 1679 1148 1719 ad
1182 1685 1371 1720 nostrum
1405 1680 1543 1719 locum
1576 1680 1802 1720 inlustran-

244 1750 341 1789 dum
376 1752 477 1790 satis
513 1758 575 1790 est
609 1749 827 1791 Ciceronis
861 1750 1011 1790 afferre
1045 1750 1150 1790 haec
1182 1750 1311 1790 verba
1344 1750 1413 1803 (de
1438 1755 1591 1791 senect.
1618 1746 1682 1802 13,
1705 1751 1800 1804 44):

248 1820 412 1868 „divine
446 1822 555 1875 enim
585 1820 709 1860 Plato
745 1835 910 1860 escam
945 1821 1151 1861 malorum
1176 1821 1361 1873 appellat
1383 1821 1654 1873 voluptatem,
1688 1820 1803 1873 quod

245 1905 293 1930 ea
337 1890 533 1931 videlicet
585 1891 775 1931 homines
824 1893 1046 1944 capiantur
1086 1898 1130 1932 ut
1182 1893 1365 1944 pisces4‘:
1411 1891 1520 1933 Plut.
1556 1891 1662 1932 Tim.
1699 1891 1801 1933 69d.

242 1966 411 2013 πρῶτον
447 1963 523 2014 μὲν
563 1963 735 2015 ἡδονήν,
774 1964 965 2015 μέγιστον
1006 1967 1143 2003 κακοῦ
1184 1964 1339 2015 (δέλεαρ.
1411 1962 1540 2002 Haud
1582 1964 1701 2015 parvi
1739 1968 1803 2002 est

244 2033 444 2072 momenti
478 2046 562 2083 res3
597 2038 824 2085 propterea
857 2038 902 2072 ut
934 2033 1060 2085 paulo
1095 2034 1171 2073 sim
1207 2033 1371 2085 longior
1394 2033 1495 2073 mihi
1521 2034 1801 2086 permittatur.

243 2102 364 2154 Nego
400 2104 507 2142 enim
543 2102 650 2143 adeo
686 2117 776 2143 esse
810 2102 978 2143 facilem
1002 2104 1111 2143 inter
1138 2104 1334 2155 ,,ὃέλεαρ“
1361 2117 1559 2155 graecum
1582 2110 1623 2144 et
1649 2107 1797 2153 ‚,esca“

245 2173 420 2212 latinum
460 2173 827 2214 necessitudinem.
898 2173 1057 2214 Notum
1098 2175 1208 2213 enim
1248 2180 1311 2213 est
1347 2178 1494 2223 ,.esca“
1531 2187 1679 2214 vocem
1718 2188 1800 2215 non

244 2257 387 2283 verum
419 2258 508 2283 esse
538 2245 579 2283 in
611 2244 753 2296 lingua
776 2244 908 2284 latina
929 2258 1108 2296 graecae
1133 2245 1278 2297 δέλεαρ
1300 2245 1521 2297 gemellum
1552 2259 1601 2284 ex
1630 2246 1801 2297 origine.

248 2313 430 2362 „Cibus⁴‘
487 2315 627 2366 potius
682 2321 745 2354 est
796 2316 996 2367 primum3
1057 2314 1109 2354 ab
1170 2314 1333 2355 edendo
1392 2321 1505 2355 recte
1558 2315 1802 2355 derivarunt

244 2383 427 2424 Romani
449 2386 714 2436 grammatici
739 2398 882 2424 omnes
915 2385 1133 2437 (efiVarro
1150 2385 1246 2437 ling.
1264 2388 1383 2435 6,84.
1421 2385 1586 2426 Nonius
1605 2388 1699 2438 108,
1718 2386 1800 2439 19).

245 2454 467 2494 Translate
501 2454 714 2494 inlecebra
748 2455 817 2494 illa
843 2455 1081 2495 denotatur.
1138 2454 1257 2508 Quae
1282 2469 1374 2495 cum
1398 2457 1456 2496 ita
1480 2457 1563 2496 sint
1586 2456 1693 2496 adeo
1718 2470 1800 2496 non

244 2530 442 2576 poterant
479 2524 663 2565 Romani
702 2526 827 2565 facile
866 2539 941 2578 pro
987 2527 1183 2578 ,,ὃέλεαρ“
1225 2531 1371 2576 „esca“
1415 2528 1475 2566 uti
1513 2526 1720 2567 vocabulo
1756 2532 1802 2566 ut

246 2609 295 2634 ne
327 2594 447 2634 nobis
478 2595 646 2647 quidem
677 2596 777 2635 licet
803 2594 1003 2648 „Speise“
1032 2596 1170 2636 dicere
1195 2610 1270 2649 pro
1298 2596 1625 2649 ‚,L0ckspeise“.
1677 2597 1801 2638 Haec

245 2666 434 2717 quamvis
459 2667 511 2705 sit
536 2666 702 2717 linguae
724 2667 879 2719 inopia,
905 2667 982 2706 erit
1005 2666 1230 2707 statuenda
1255 2673 1295 2707 et
1311 2693 1357 2696 —
1375 2667 1487 2721 quod
1509 2669 1800 2719 gravissimum

246 2741 309 2774 est
329 2761 375 2764 ἡ
398 2750 471 2788 per
495 2750 638 2776 omnes
662 2737 749 2776 fere
772 2737 936 2777 litteras
961 2751 985 2776 a
1008 2737 1282 2790 scriptoribus
1311 2737 1640 2790 deprehenditur
1666 2751 1799 2780 sensa.

246 2804 353 2844 Nan]
390 2807 423 2845 si
457 2807 744 2846 examinamus
777 2808 911 2858 locos,
952 2821 1166 2860 nunquam
1206 2814 1322 2848 extat
1358 2812 1506 2859 „esca“
1545 2822 1625 2848 vox
1663 2809 1801 2848 soluta

247 2874 297 2914 ab
348 2875 523 2925 „hamo“
579 2876 786 2917 vocabulo
832 2878 897 2917 vel
943 2878 1034 2918 aliis
1080 2879 1331 2930 piscatoriis.
1405 2877 1516 2918 Livii
1560 2878 1799 2918 Andronici

250 2952 401 2997 „atque
441 2960 581 2985 escas
621 2946 852 2987 habeamus
888 2961 1030 2987 rursus
1076 2950 1359 2988 mentionen1“
1403 2948 1478 3002 (vs.
1504 2951 1556 2989 13
1581 2948 1798 2989 Baehrens
