1944 3226
231 214 284 250 42
1465 204 1543 256 IV,
1563 207 1627 255 12,
1642 206 1706 256 26,
1721 206 1786 246 35.

232 328 388 378 figere
423 326 594 364 theta-⁴
634 339 683 363 ex
722 324 890 375 ingenio
931 328 972 362 et
1011 328 1099 361 arte
1133 328 1302 374 poetae,
1337 335 1419 361 non
1455 335 1505 361 ex
1537 321 1682 374 populi
1717 334 1786 361 ore

229 411 319 437 esse
354 403 509 436 natum.

351 470 411 506 18.
479 464 674 514 ..assiduo
716 471 861 503 curata
905 463 1087 502 cuticula
1127 463 1255 502 sole²‘.
1320 462 1430 503 Usus
1466 475 1617 502 voc-um
1654 462 1786 512 „cutis

228 537 409 577 cuticula
448 535 670 588 pellicula“
715 547 814 573 sane
855 540 918 573 est
955 534 1149 585 volgaris.
1208 531 1477 585 Significatur
1517 539 1656 572 autem
1695 533 1787 584 ipsa

227 608 297 647 illa
334 607 561 658 asperitate
597 606 742 644 iocosa
783 605 942 656 proprii
986 604 1174 655 corporis
1210 604 1317 643 ratio
1360 603 1447 642 fere
1483 611 1527 642 ut
1561 602 1788 642 vernacula

227 678 368 729 lingua
396 676 511 726 „Das
535 674 642 714 liebe
667 674 769 714 101]ἱί
798 674 1004 727 (Mueller,
1029 673 1136 713 dem.
1159 687 1197 726 p.
1222 676 1324 721 90.):
1358 673 1463 714 Hor.
1488 686 1581 725 epp.
1600 676 1634 724 1,
1660 676 1695 724 2,
1713 674 1785 712 29;

228 749 291 798 „in
321 753 414 786 cute
444 744 665 797 cura11da“,
702 748 736 795 1,
759 746 797 795 4,
824 747 895 784 15:
930 750 996 796 „et
1019 743 1196 783 nitidum
1220 743 1328 783 bene
1357 750 1502 783 curata
1526 748 1620 783 cute
1643 743 1787 794 vises·‘,

229 831 348 857 serm.
374 820 408 867 2,
433 819 469 867 5,
495 819 567 856 38;
613 815 877 868 „pelliculam
912 828 1058 854 curare
1091 813 1230 854 iube·‘.
1292 813 1383 854 Iuv.
1408 817 1443 865 2,
1470 816 1570 853 105:
1616 826 1787 863 „curare

229 890 391 927 cutem³⁴
430 887 494 926 all.
550 885 635 926 Sed
672 885 784 925 haud
817 884 984 925 inficete
1017 884 1189 925 Persius
1228 890 1399 933 „curata
1432 884 1615 924 cuticula
1648 884 1783 924 3016ἂι

229 958 330 997 dicit
363 959 509 997 unicus
535 956 646 1009 quod
675 956 853 997 videam.
911 954 1117 1005 „Bibere“
1156 956 1266 995 enim
1298 955 1479 1005 „solem·⁴
1521 953 1788 1003 „combibere

228 1028 363 1068 soles³
391 1028 461 1067 alii
485 1028 754 1079 scripserunt.
780 1026 979 1079 (Martial.
1008 1028 1070 1076 ῙΟ,
1099 1029 1161 1077 12,
1188 1029 1222 1066 7.
1256 1025 1353 1066 JuV.
1381 1028 1444 1077 11,
1462 1025 1573 1078 203.)
1615 1038 1787 1074 „curare

228 1098 481 1138 cuticulam·‘
533 1096 726 1137 omnibus
772 1096 927 1136 licebat
972 1097 1130 1148 eloqui.
1180 1109 1352 1145 „curare
1399 1096 1625 1135 cuticulam
1671 1095 1783 1134 sole²‘

229 1168 363 1208 Persii
397 1167 585 1208 restabat
608 1168 687 1207 arti
710 1174 981 1207 reservatum.
1040 1165 1251 1216 ..curm—e*
1280 1167 1388 1206 enim
1412 1165 1585 1205 verbum
1618 1166 1788 1218 proprie

229 1246 290 1279 est
337 1239 518 1278 culinae:
572 1238 729 1278 Donat.
759 1237 895 1277 Andr.
924 1242 958 1288 1,
990 1239 1091 1288 1,3;
1139 1243 1337 1276 curentur
1389 1235 1519 1292 recte]
1567 1235 1790 1288 diligenter

228 1316 476 1362 coquantur.
539 1308 718 1360 Apicius
742 1311 779 1359 4,
808 1310 908 1348 143:
948 1309 1083 1360 pisces
1119 1308 1251 1347 curati
1285 1307 1336 1347 cf.
1368 1310 1462 1358 125,
1496 1309 1588 1348 151.
1651 1306 1789 1358 Igitur

228 1387 443 1432 tamquam
478 1378 743 1431 excoquendi
776 1380 816 1418 in
858 1379 945 1418 sole
980 1379 1167 1431 corporis
1212 1379 1354 1430 curali)
1397 1378 1694 1418 chromatiario
1728 1377 1788 1417 illi

229 1464 391 1490 summa
416 1456 479 1490 est
501 1448 612 1490 boni.
661 1449 759 1489 Hoc
786 1463 961 1488 acumen
992 1447 1246 1501 proverbiali
1274 1449 1393 1501 quasi
1422 1449 1603 1488 sermoni
1626 1448 1788 1487 illatum
1835 1436 1837 1438 ¹

226 1520 361 1560 Persii
397 1526 486 1560 arte
521 1528 583 1560 est
617 1520 920 1572 dignissimum.

348 1596 412 1632 26.
477 1597 705 1644 „quantum
747 1604 829 1630 non
868 1591 1020 1630 miluus
1063 1591 1258 1643 errat“.*²)
1328 1589 1468 1629 Aliter
1507 1588 1709 1629 audiebat
1745 1590 1788 1628 in

227 1661 450 1714 proverbio
477 1661 688 1715 (conferas
715 1660 948 1714 Ottonem).
1002 1660 1149 1701 schol.:
1186 1660 1267 1700 dici
1299 1661 1405 1700 solet
1429 1659 1659 1700 secuudum
1694 1673 1788 1712 pro-

228 1731 417 1772 verbium
463 1738 691 1784 ..quantum
731 1732 845 1771 milvi
885 1732 1105 1771 volant“.
1168 1730 1337 1771 Petron.
1369 1733 1434 1781 37,
1459 1733 1502 1770 S:
1542 1732 1656 1782 „ipse
1696 1729 1787 1770 Tri-

228 1802 408 1842 malchio
438 1802 592 1842 fundos
620 1801 748 1841 habet
775 1816 858 1854 qua
884 1802 998 1841 milvi
1026 1802 1234 1842 volant.“
1271 1801 1398 1841 schol.
1422 1800 1520 1841 Juv.
1543 1804 1578 1852 9,
1596 1802 1668 1840 54:
1694 1833 1725 1852 ,,.
1749 1832 1756 1840 .
1781 1832 1788 1840 .

228 1874 426 1924 quoniam
469 1887 544 1912 nec
583 1872 698 1912 milvi
738 1873 999 1912 transvolare
1040 1886 1110 1911 eas
1154 1876 1372 1924 possunt··'.
1418 1870 1662 1912 Tertullian.
1697 1870 1788 1911 adv.

229 1943 356 1982 Marc.
382 1947 417 1988 3,
443 1946 496 1983 2-1
521 1942 698 1983 Oehler:
738 1943 943 1992 „volant
976 1943 1090 1983 velut
1117 1943 1187 1995 qui
1215 1949 1310 1982 sunt
1338 1931 1492 1983 milvi“.
1544 1941 1683 1994 Igitur
1707 1955 1788 1981 non

228 2015 363 2065 parcit
397 2020 539 2053 noster
576 2012 801 2066 proverbio
843 2014 878 2053 ei
919 2013 1033 2066 quod
1073 2026 1271 2065 superare
1310 2019 1462 2065 potest.
1525 2011 1636 2052 Nam
1676 2018 1787 2052 certe

229 2084 452 2136 plurimum
486 2084 676 2136 pervolat
710 2083 923 2123 latifundii
957 2083 1106 2123 milvus
1141 2097 1326 2123 errans.

347 2157 412 2193 35.
479 2153 712 2206 Corruptos
766 2154 960 2206 psilothri
1011 2167 1148 2194 mores
1207 2167 1349 2193 rursus
1407 2160 1493 2193 tam
1545 2152 1695 2193 acerbe
1748 2159 1789 2193 et

227 2225 427 2276 graphice
461 2224 515 2264 ad
548 2238 684 2264 rerum
719 2226 940 2264 veritatem
975 2225 1191 2277 expressit,
1226 2231 1272 2264 ut
1305 2238 1355 2263 ne
1390 2225 1593 2277 pessimas
1618 2223 1785 2276 quidem

229 2302 422 2334 vereatur
454 2302 626 2347 tangere
659 2309 736 2336 res.
790 2294 950 2335 Tamen
973 2294 1111 2335 verbis
1145 2295 1263 2335 lectis
1291 2296 1352 2334 uti
1374 2294 1564 2334 videmus
1599 2308 1693 2334 eum
1718 2295 1788 2347 qui

229 2379 330 2405 naso
373 2366 591 2418 suspendit
631 2365 795 2405 adunco
842 2367 1032 2418 apricum
1076 2366 1193 2405 illum
1239 2365 1594 2405 chromatiarium.
1676 2363 1788 2404 Nam

233 2450 434 2484 „runcare
465 2440 643 2489 corpus“
675 2450 751 2488 pro
786 2436 917 2488 „pilos
948 2437 1151 2476 evellere*
1186 2435 1299 2475 dicta
1328 2442 1439 2475 certe
1463 2435 1562 2475 vilia
1584 2434 1789 2487 effugiunt

230 2513 269 2546 et
301 2506 355 2546 ad
400 2508 666 2547 iocositatem
706 2506 919 2559 quandam
962 2505 1180 2547 accedunt.
1256 2505 1366 2545 Nam
1412 2507 1579 2545 runcari
1617 2506 1787 2558 proprie

230 2584 391 2629 segetes
425 2578 489 2617 vel
523 2576 678 2617 herbae
713 2576 920 2617 dicuntur.
954 2576 1100 2629 (schol.
1122 2575 1273 2617 Isidor.
1300 2579 1364 2625 17,
1382 2579 1469 2621 2,5.
1525 2575 1632 2617 Cato
1648 2575 1786 2615 Varro

231 2647 494 2701 Columella.)
559 2647 615 2687 Et
659 2648 859 2696 ‚,vulvae²‘
902 2661 978 2699 pro
1020 2646 1187 2686 natibus
1227 2647 1369 2699 posuit
1407 2647 1538 2686 multo
1573 2645 1787 2685 audacius.

229 2716 341 2756 Nam
376 2718 629 2757 feminarum
657 2718 751 2757 loca
773 2718 922 2757 vulvae
947 2724 1053 2757 sunt.
1106 2717 1256 2770 Neque
1287 2724 1427 2757 tamen
1462 2717 1566 2756 haec
1601 2723 1663 2756 est
1695 2715 1786 2756 libi-

350 2824 373 2860 ¹)
402 2821 482 2854 Seu.
504 2822 598 2855 brev.
619 2823 680 2855 vit.
704 2822 803 2863 13,1.

349 2880 374 2921 ²)
404 2880 552 2919 „milvus
581 2881 786 2913 oberrat“
822 2892 932 2923 prave
960 2880 1092 2923 legitur
1117 2880 1152 2912 in
1180 2879 1357 2922 florilegio
1386 2879 1618 2922 Frisingensi.
1673 2879 1786 2913 Recte

232 2940 368 2977 „errat-⁴
390 2939 612 2971 retinuerunt
628 2940 793 2972 editores.
817 2939 861 2971 cf.
879 2939 986 2972 etiam
1001 2939 1200 2972 Housman.
1222 2937 1332 2971 Class.
1351 2936 1523 2980 Quaterly
1535 2936 1556 2970 I
1570 2938 1692 2980 (1907)
1707 2938 1785 2970 275.
