1944 3226
263 213 314 249 32
1645 208 1814 261 111‚10.

262 325 345 366 Sed
386 339 492 378 quae
546 325 751 364 Horatius
802 323 1129 363 adumbraverat
1186 323 1492 371 tantummodo,
1546 338 1628 365 non
1678 327 1814 378 parcit

259 396 428 436 Persius
462 394 611 436 verbis.
652 401 696 433 ut
728 394 861 434 fusius
902 393 1131 434 describat:
1179 393 1386 434 Horatius
1420 409 1456 436 v.
1482 398 1523 434 7:
1567 396 1814 448 „culpantur

260 467 413 506 frustra
448 466 640 505 calami·‘:
676 464 864 504 Persius:
901 471 1024 515 ..tunc
1059 465 1282 516 querimur,
1317 478 1482 504 crassus
1510 465 1672 506 calamo
1697 466 1810 518 quod

260 536 441 589 pendeat
473 539 628 575 umor·‘.
691 534 783 574 Nec
817 548 923 586 quae
970 548 1051 574 non
1095 541 1184 573 erat
1217 548 1390 574 necesse
1430 535 1609 587 proferri
1647 535 1812 576 Persius

260 608 410 657 omisit,
454 605 650 645 videlicet
692 612 734 644 ut
775 607 978 657 ἔκφρασιν
1017 605 1311 644 constitueret:
1359 611 1405 644 ut
1442 606 1613 657 „positis
1651 605 1814 647 bicolor

259 675 503 717 membrana
542 676 739 728 capillis··.
799 672 918 727 Quae
964 674 1090 715 verba
1137 675 1362 727 explicavit
1410 674 1568 715 Birtius
1607 676 1813 727 „Antikes

259 747 542 786 Buchwese11‘*
561 746 829 798 1888‘2p.60:
864 745 978 787 ..Das
994 744 1250 797 Pergament
1272 746 1327 785 ist
1349 744 1588 798 zweifarbig
1611 745 1813 799 dadurch,

259 817 340 857 dass
375 817 442 857 die
465 817 693 857 Haarseite
728 816 800 856 des
824 815 985 856 Leders
1020 816 1220 868 gegl'attet
1252 817 1341 856 ist·‘.
1396 814 1522 868 Quod
1551 817 1652 868 ipsis
1676 816 1812 858 verbis

260 902 339 928 non
382 894 684 927 commemorat
730 888 809 927 nisi
848 888 919 939 qui
959 888 1037 926 arti
1083 886 1223 926 studet
1269 887 1457 927 eximiae.
1526 885 1617 926 Nec
1663 886 1815 927 desunt

258 965 462 1010 perpetua
502 958 701 1010 epitheta,
741 963 785 997 ut
824 959 952 999 aiunt.
991 971 1104 996 mere
1147 958 1339 996 ornantia
1386 964 1448 996 ut:
1496 956 1812 1009 ..nodosaque

258 1030 371 1069 venit
429 1028 653 1068 harundo··.
733 1027 989 1079 Ceteroquin
1045 1027 1113 1066 hic
1171 1027 1287 1066 locus
1346 1028 1543 1067 eximium
1599 1035 1661 1067 est
1713 1029 1813 1068 artis

257 1098 485 1139 Persianae
512 1099 811 1141 testimonium,
864 1097 932 1137 Ac
965 1099 1146 1150 primum
1170 1097 1351 1150 quidem.
1387 1112 1435 1137 ne
1469 1097 1670 1138 molestus
1704 1104 1814 1138 esset

257 1171 296 1209 in
332 1169 479 1209 iisdem
520 1168 736 1209 vocabulis
776 1167 1035 1221 repetendis,
1076 1181 1310 1208 sermonem
1351 1167 1577 1208 artificiose
1616 1169 1811 1209 variavit:

258 1254 292 1279 v,
319 1243 389 1279 ll:
426 1239 628 1289 harundo,
668 1254 703 1280 V.
730 1242 800 1279 12:
838 1239 1012 1289 calamo,
1035 1252 1070 1278 V.
1098 1241 1168 1279 14:
1203 1238 1354 1278 fistula.
1411 1236 1507 1291 Qua
1538 1239 1579 1278 in
1609 1253 1653 1279 re
1689 1253 1812 1292 quam

259 1311 464 1362 exquisite
505 1311 715 1362 posuisset
753 1308 983 1361 „fistulam-⁴
1018 1323 1164 1349 vocem
1204 1323 1280 1362 pro
1322 1309 1488 1349 cannali
1528 1310 1690 1349 calamo
1729 1311 1815 1350 iam

257 1380 484 1420 scholiasta
529 1380 838 1421 animadvertit.
908 1378 1029 1432 Quae
1074 1393 1155 1419 vox
1200 1381 1370 1420 omuino
1417 1394 1498 1420 non
1538 1380 1691 1432 legitur
1734 1380 1814 1420 hoc

257 1465 380 1491 sensu
419 1452 570 1491 iterum
615 1452 656 1490 in
696 1452 858 1501 litteris,
898 1464 1032 1502 neque
1075 1450 1224 1501 glossis
1266 1450 1487 1490 exhibetur
1533 1452 1611 1490 nisi
1656 1464 1814 1491 avenae

258 1523 372 1561 notio
413 1524 576 1574 (σῦριγξ
597 1521 671 1561 ΙΙΙ
696 1524 852 1573 79,25;
890 1523 1074 1571 1ῖ1,16;
1111 1524 1246 1568 204,ss
1282 1522 1379 1562 allst.
1449 1520 1541 1561 Nec
1579 1521 1702 1573 volgo
1741 1522 1813 1561 tri-

258 1591 442 1632 buemus.
506 1591 615 1632 Nam
641 1592 743 1631 haec
779 1606 878 1632 sane
903 1590 1096 1631 omnibus
1122 1605 1215 1631 cum
1241 1591 1517 1644 scriptoribus
1542 1599 1614 1632 aut
1635 1592 1812 1643 „harun-

257 1662 420 1702 dinem-⁶
454 1662 634 1702 vocabat
674 1670 745 1702 aut
779 1663 1035 1713 „calamumst
1077 1670 1149 1702 aut
1187 1665 1427 1713 ‚‚canna1n⁶'‘‚
1474 1676 1556 1715 qua
1588 1676 1691 1702 voce
1729 1663 1811 1702 iam

257 1740 380 1772 antea
420 1733 511 1772 vilis
553 1732 798 1773 harundinis
844 1747 975 1785 genus
1016 1732 1242 1785 significari
1282 1732 1447 1773 solebat
1488 1732 1743 1785 (Columella
1778 1736 1812 1785 7,

257 1806 292 1846 9.
312 1806 345 1844 7.
380 1809 600 1844 comment.
624 1802 784 1844 Lucan.
809 1807 988 1856 5.517.),
1023 1811 1171 1856 postea
1203 1805 1335 1856 magis
1368 1804 1585 1856 magisque
1618 1804 1658 1843 in
1694 1817 1813 1843 usum

256 1875 418 1913 venisse
452 1873 617 1913 videtur
650 1882 691 1914 et
723 1888 788 1914 res
824 1880 864 1914 et
896 1873 1166 1914 vocabulum:
1207 1874 1400 1914 conferas
1429 1873 1647 1914 Zenonem
1687 1875 1812 1926 episc.

256 1943 411 1983 Veron.
451 1952 570 1985 tract.
605 1949 641 1995 ⁴2,
669 1947 731 1989 13,
758 1949 780 1985 5
815 1944 977 1997 Migne:
1025 1944 1235 1995 „scribens
1277 1958 1413 1984 canna
1452 1944 1587 1984 divisa
1626 1952 1700 1996 est,
1739 1944 1812 1985 sed

257 2028 360 2053 unus
386 2015 607 2055 calamus-u
638 2014 1114 2058 edict.Dioclet.lO.17:
1139 2015 1328 2067 „thecam
1347 2029 1576 2055 cannarum
1593 2016 1812 2068 qui1ique“.

254 2085 377 2136 gloss.
402 2084 450 2124 H
473 2088 568 2133 5337,
593 2089 657 2125 17:
683 2087 873 2138 κάλαμος
894 2086 990 2138 μεθ’
1017 2087 1066 2126 οὗ
1092 2087 1320 2138 γράφομεν,
1345 2099 1491 2128 canna.
1531 2087 1598 2125 18:
1623 2086 1813 2138 κάλαμος

255 2154 458 2195 harundo.
485 2180 542 2184 -—
571 2156 625 2195 Et
658 2158 838 2196 maxime
872 2170 1017 2196 versus
1050 2159 1113 2197 13.
1149 2164 1211 2196 est
1245 2155 1407 2208 dignus,
1442 2157 1512 2208 qui
1536 2156 1689 2196 eximia
1713 2162 1811 2196 nota

256 2224 514 2277 designetur:

496 2296 638 2349 „nigra
672 2297 783 2349 quod
817 2297 958 2337 infusa
991 2299 1179 2337 vanescit
1212 2296 1329 2350 sepia
1361 2296 1565 2349 lymphaf‘

373 2378 440 2417 Ac
479 2380 659 2431 primum
699 2379 868 2431 quidem
907 2379 1163 2419 monendum
1197 2379 1332 2419 Persii
1368 2379 1517 2419 saltem
1552 2377 1810 2431 temporibus

254 2447 469 2488 Romanos
498 2451 708 2501 „sepian1“
738 2449 923 2489 nondum
948 2451 1187 2489 nominasse
1212 2451 1291 2489 nisi
1314 2451 1452 2502 ipsum
1475 2450 1644 2502 piscem.
1697 2446 1811 2501 Quid

255 2518 364 2570 quod
397 2520 521 2558 etiam
549 2520 590 2558 in
614 2519 797 2559 Ausonii
824 2519 1013 2560 versibus
1042 2520 1096 2573 (p.
1115 2523 1209 2570 248,
1228 2522 1380 2572 74sqq.
1405 2519 1591 2572 Peiperi)
1614 2519 1808 2571 legimus:

258 2587 433 2638 „Cadmi
470 2590 643 2641 nigellas
678 2589 784 2630 filias
815 2591 991 2631 (litteras
1020 2592 1060 2630 in
1087 2588 1313 2631 Graeciam
1339 2590 1529 2630 attulisse
1553 2603 1574 2629 e
1596 2589 1811 2630 Phoenice

526 2659 617 2701 Cad
635 2661 936 2701 mumsedecim
959 2675 1134 2701 numero
1151 2660 1314 2700 Plinius
1336 2660 1530 2700 tradidit:
1552 2660 1810 2713 n.h.7,192.)

255 2729 432 2769 Melonis
467 2729 605 2770 albam
639 2732 836 2783 paginam
865 2731 1084 2785 (Melinum
1116 2730 1343 2771 candidum
1372 2732 1511 2782 ipsum
1540 2744 1707 2782 quoque
1737 2736 1811 2781 est,

525 2802 727 2853 optimum
744 2802 785 2841 in
796 2801 907 2841 Melo
924 2802 1061 2841 insula
1077 2800 1369 2841 inveniebatur
1384 2808 1489 2841 teste
1501 2800 1638 2841 Plinio
1650 2802 1810 2853 35,37.)

255 2878 458 2921 notasque
492 2871 667 2910 furvae
702 2873 873 2924 sepiae

254 2937 519 2992 Gnidiosque
555 2940 687 2981 nodos
719 2941 947 2993 prodidiff.
