1944 3226
224 264 279 301 46
1510 250 1780 301 V,3,12‚13.

222 377 383 416 hiatum
438 387 643 427 personae
698 371 751 411 ad
796 373 931 423 ipsam
985 383 1130 409 vocem
1180 368 1416 419 augendam
1464 367 1565 406 nihil
1613 368 1781 408 omnino

223 446 412 486 attulisse
466 449 642 485 constat.
717 441 799 483 Sed
853 442 946 493 ipsa
997 453 1077 479 vox
1128 438 1427 491 tragoedorum
1488 439 1640 477 eximia
1694 444 1784 478 erat

222 518 428 558 Romanis
457 515 568 554 clare
593 511 854 553 vociferandi
884 510 1138 563 exemplum:
1173 508 1260 549 Cic.
1285 508 1335 548 de
1361 523 1417 549 or.
1442 508 1465 548 Ι
1490 512 1555 560 28,
1583 511 1682 548 128:
1718 509 1781 555 „in

223 596 392 627 oratore
427 592 566 625 autem
601 597 774 623 acumen
811 581 1141 631 dialecticorum,
1166 580 1398 619 sententiae
1424 579 1783 632 philosophorum,

224 657 351 697 verba
374 670 505 709 prope
536 660 767 707 poetarum,
802 652 1007 692 memoria
1029 651 1129 690 iuris
1155 650 1454 701 consultorum,
1481 663 1563 689 Vox
1585 656 1783 700 tragoe-

225 728 419 775 dorum,
464 730 605 777 gestus
651 738 785 777 paene
831 735 1087 762 summorum
1135 727 1322 760 actorum
1367 726 1428 760 est
1467 718 1781 772 requirendus.“

227 796 371 850 Quint.
395 796 504 836 XII.
537 798 573 839 5,
605 798 642 834 5.
704 793 854 846 Neque
899 799 1038 832 tamen
1085 792 1223 830 locum
1270 789 1412 830 deficit
1454 790 1565 830 illius
1610 790 1785 829 rationis

225 867 440 920 quoddam
482 880 670 907 acumen.
736 863 868 905 Simul
903 864 1012 903 enim
1046 862 1228 902 fortasse
1259 861 1392 900 voluit
1423 862 1558 913 ipsum
1595 859 1786 911 „hiandr‘

225 937 476 979 vocabulum
511 935 708 989 ponendo
744 933 979 986 significare
1013 931 1204 985 tragoedi
1229 933 1342 971 vocis
1367 933 1449 971 vim
1472 937 1517 970 ut
1540 945 1644 973 eam,
1679 944 1786 983 quae

226 1008 401 1048 deberet
425 1009 506 1047 oris
530 1006 816 1046 diductionem
842 1013 882 1044 et
903 1003 1238 1056 magnitudinem
1259 1004 1298 1042 in
1316 1015 1498 1054 persona
1515 1002 1786 1054 conspicuam

226 1093 408 1131 aequare
442 1076 769 1130 quodammodo

320 1187 323 1191 ,
350 1153 411 1190 12.
445 1148 645 1188 Fortasse
665 1153 777 1187 recte
797 1146 999 1186 iudicavit
1019 1145 1247 1185 scholiasta
1269 1143 1320 1183 de
1343 1142 1489 1183 Persio
1512 1143 1787 1194 „cornicaris“

227 1219 424 1260 vocabuli
451 1224 671 1259 novatore:
707 1217 996 1268 „cornicaris“,
1019 1216 1166 1267 inquit,
1197 1228 1397 1265 „novum
1421 1228 1445 1252 a
1467 1219 1594 1265 poeta
1617 1212 1789 1252 verbum

228 1292 509 1343 compositum
564 1288 878 1328 submurmuras
933 1292 973 1325 et
1028 1287 1146 1338 quasi
1193 1285 1371 1325 cornicis
1417 1298 1541 1323 voces
1586 1282 1789 1336 profers.“

229 1361 378 1413 Neque
405 1361 514 1400 enim
538 1358 753 1410 habemus,
784 1357 896 1410 quod
926 1357 1169 1396 auctoritati
1194 1357 1281 1395 eius
1308 1368 1582 1407 opponamus.
1628 1353 1788 1393 Iterum

228 1434 340 1472 enim
387 1430 512 1471 modo
559 1431 711 1481 legitur
754 1430 794 1468 in
842 1429 991 1467 litteris
1036 1427 1163 1479 idque
1210 1425 1320 1478 apud
1369 1431 1614 1478 perpetuum
1656 1424 1790 1464 Persii

228 1504 485 1542 imitatorem
525 1501 832 1552 Hieronymum
875 1500 993 1550 epist.
1028 1501 1119 1541 115,
1155 1500 1223 1537 16:
1268 1497 1402 1547 ⁷‚intra
1436 1509 1478 1535 se
1514 1496 1654 1535 nescio
1690 1493 1789 1547 quid

230 1574 521 1613 cornicantes'·⁴
549 1571 620 1621 (cf.
645 1569 858 1621 Luebeck,
884 1584 920 1622 p.
950 1571 1059 1622 198).
1118 1567 1173 1607 Et
1196 1567 1389 1607 Persium
1414 1567 1547 1606 solum
1571 1566 1792 1618 proferunt

229 1644 493 1696 grammatici
540 1642 781 1682 Priscianus
823 1638 901 1681 GL
933 1639 1105 1690 [14:323,
1144 1641 1206 1690 10,
1247 1637 1519 1689 eiusdemque
1562 1636 1790 1688 discipulus

232 1714 436 1767 Eutychis
473 1711 551 1754 GL
576 1712 615 1750 V
639 1714 796 1762 45954.
861 1711 1003 1764 Quare
1043 1711 1169 1749 etiam
1208 1708 1537 1761 glossographus
1576 1707 1645 1746 ille
1685 1720 1791 1746 unus

233 1785 288 1838 (Y
317 1787 411 1835 617,
438 1787 507 1823 29:
542 1784 707 1835 „inepte
732 1782 922 1834 loquor-⁴)
953 1782 1051 1833 quin
1076 1780 1128 1819 ad
1154 1786 1341 1819 nostrum
1367 1779 1504 1818 locum
1529 1778 1792 1830 spectaverit,

232 1869 314 1895 non
358 1862 419 1894 est
459 1853 644 1893 dubium.
710 1851 849 1893 Stabit
887 1853 1014 1903 igitur
1054 1851 1306 1890 scholiastae
1339 1848 1539 1888 iudicium
1574 1848 1792 1900 metapho-

230 1940 361 1978 raque
408 1923 594 1964 manebit
639 1924 859 1966 Persiana,
912 1936 1037 1974 quam
1085 1935 1176 1961 cum
1230 1921 1480 1960 nostrat-ium
1528 1918 1791 1972 quorundam

232 1997 431 2036 familiari
466 1995 684 2036 vocabulo.
722 1994 834 2046 quod
868 1993 969 2033 mihi
1003 1994 1191 2044 ignotum
1227 1998 1300 2041 est,
1334 1990 1445 2030 haud
1481 1991 1567 2030 scio
1603 2004 1654 2029 an
1680 1997 1792 2029 recte

234 2067 460 2107 contulerit
494 2066 737 2106 Piersonius
771 2079 874 2104 mus.
899 2064 1033 2104 Rhen.
1066 2065 1278 2115 1291857)
1297 2065 1367 2101 96:
1407 2061 1628 2109 „dahlen·‘.

359 2140 420 2177 13.
465 2151 566 2185 „nec
591 2137 763 2188 scloppo
788 2134 971 2174 tumidas
995 2133 1178 2173 intendis
1204 2146 1396 2185 rumpere
1423 2131 1613 2171 buccasf‘
1672 2130 1794 2170 Haec

236 2222 336 2248 sane
391 2206 544 2260 plebeii
598 2214 660 2246 est
714 2207 917 2245 sermonis
971 2205 1150 2244 imitatio
1198 2211 1239 2242 et
1283 2210 1433 2255 poetae
1484 2216 1565 2242 non
1611 2202 1794 2251 vitantis,

236 2293 342 2331 quae
390 2293 411 2317 a
458 2278 632 2317 cultiore
678 2278 912 2316 litterarum
953 2276 1047 2315 stilo
1089 2274 1354 2320 abhorreant,
1398 2287 1532 2325 neque
1567 2279 1704 2311 tamen
1754 2296 1789 2299 -ψ-

237 2348 351 2402 quod
384 2348 639 2388 monendum
672 2372 720 2376 ---
744 2347 850 2386 adeo
884 2345 1050 2399 plebeia
1078 2345 1322 2387 enuntiatio.
1357 2349 1402 2383 ut
1423 2342 1642 2395 indignum
1666 2343 1795 2381 fuisse

237 2434 329 2459 eam
353 2426 546 2472 putemus
571 2419 750 2457 hominis
776 2417 924 2457 urbani
949 2430 1025 2455 usu
1049 2415 1275 2455 cotidiano.
1311 2414 1368 2454 Et
1392 2421 1524 2453 artem
1548 2412 1796 2452 videbimus.

238 2490 289 2529 In
334 2490 559 2542 ..seloppo“
605 2496 745 2528 autem
785 2489 964 2540 primum
1004 2488 1118 2526 vocis
1160 2499 1233 2538 per
1269 2485 1639 2536 onomatopoeiam
1673 2482 1795 2522 fictae

236 2560 399 2600 forma
434 2559 589 2599 tradita
630 2573 710 2599 non
746 2557 960 2607 habemus,
1004 2556 1117 2609 quod
1152 2555 1427 2596 offendamus.
1489 2553 1600 2594 Nam
1634 2554 1796 2593 formae

238 2630 290 2670 ab
331 2631 717 2682 ,.scl·‘-incipientes
752 2628 863 2682 apud
899 2628 1213 2680 antiquissimos
1248 2626 1428 2665 fortasse
1462 2624 1710 2677 legebantur
1744 2648 1795 2652 ——

239 2715 496 2752 quamquam
543 2701 805 2752 „exantlare‘
851 2713 978 2752 prave
1024 2699 1124 2749 legit
1162 2696 1275 2749 apud
1315 2696 1513 2736 Plautum
1554 2693 1683 2736 Stich.
1715 2696 1795 2734 273

241 2770 389 2810 Keller
428 2780 549 2823 etym.
579 2771 685 2822 volg.
716 2760 834 2822 LipS.v
859 2772 980 2810 1891.
1028 2783 1064 2821 p.
1092 2771 1184 2808 108.
1226 2793 1279 2796 -—
1321 2772 1582 2806 evanuerunt
1618 2765 1796 2817 posteris

240 2840 520 2892 temporibus:
557 2840 755 2880 dicebant
787 2841 1026 2891 „sclataris‘'·'
1060 2853 1135 2891 pro
1174 2838 1425 2889 „stlataris³‘‚
1460 2837 1558 2888 quin
1595 2836 1719 2875 etiam
1745 2833 1797 2874 ad

247 2911 438 2963 „veclus“
487 2925 562 2963 pro
613 2911 865 2964 ‚‚vet(u)lus²⁴
915 2917 1012 2949 sunt
1057 2909 1267 2961 progressi
1313 2915 1351 2946 et
1402 2906 1615 2960 „mencla“
1659 2905 1798 2956 eloqui

242 2982 481 3020 maluerunt
526 2995 649 3033 quam
698 2981 969 3033 „ment(u)la“
1003 2980 1215 3033 (Heraeus
1262 2978 1373 3019 arch.
1409 2976 1481 3017 XI
1505 2977 1588 3029 (57.)
1630 2976 1695 3015 all.
1730 2974 1799 3023 (cf.
