1944 3226
121 189 238 241 Lai,
264 191 328 229 22.
1621 195 1667 231 21

239 302 358 357 Quae
394 306 534 344 onmia
568 306 786 357 ingenioso
821 305 1002 345 novandi
1037 305 1186 346 artifici
1220 312 1364 346 nostro
1398 307 1522 359 plane
1556 316 1675 347 erant

121 381 194 415 aut
224 389 268 414 re
301 375 458 414 leviora
491 380 563 414 aut
597 375 740 414 mollia
772 376 909 414 minus
942 376 1068 415 veluti
1107 376 1245 428 „quod
1279 377 1440 429 pruriat
1468 378 1669 417 10011ῐο1ΓοΗ

121 444 277 486 Catulli
304 446 366 495 16,
383 447 419 485 9.
473 444 596 485 Unde
626 458 693 484 ars
718 444 913 485 oriunda:
949 445 1081 485 voluit
1111 446 1299 486 homines
1328 447 1421 486 illos
1454 461 1672 499 perversos

119 504 239 568 quasi
272 514 443 567 speculo
479 529 521 554 se
557 516 710 554 intueri
741 529 868 567 quare
898 514 1137 555 fortissimis
1169 530 1250 556 non
1286 518 1420 569 parcit
1450 516 1672 558 coloribus.

119 585 176 624 Et
199 598 292 624 cum
309 583 472 625 Seneca
491 588 693 637 epp.75,7
718 584 845 637 ⁷‚quid
866 599 987 625 aures
1008 599 1122 626 meas
1147 585 1312 626 scabis
1336 586 1436 639 quid
1456 586 1668 627 oblectas-³

119 655 293 694 similem
328 668 426 705 rem,
460 654 533 695 sed
566 655 715 694 leviter
746 656 963 707 tetigisset,
996 655 1112 695 vides
1146 669 1271 708 quam
1303 656 1470 696 fortiter
1502 656 1670 697 Persius

117 738 205 764 rem
239 726 491 777 expresserit
522 724 729 764 vocabulo
764 739 873 765 nova
904 726 944 764 vi
970 725 1176 778 praedito.

236 797 302 835 22.
339 794 464 846 „tum
498 795 648 846 vetule,
682 795 878 835 auriculis
912 795 1059 835 alienis
1093 796 1254 847 colligis
1288 795 1436 836 escas?

336 864 535 904 auriculis
570 863 721 917 quibus
756 872 795 905 et
829 864 944 905 dicas
979 872 1073 905 cute
1106 865 1296 918 perditus
1331 865 1495 909 ,01]οἾΗ

234 934 299 974 [)0
345 941 544 975 contextu
592 948 738 975 sensus
784 948 865 975 non
913 942 975 975 est
1009 935 1358 976 concertandum:
1399 937 1562 977 vetulus
1600 938 1669 977 ille

115 1004 332 1044 libidinem
365 1005 454 1044 vult
489 1006 671 1045 excitare
706 1006 764 1045 eis
799 1006 869 1058 qui
904 1005 1092 1046 auditum
1125 1008 1309 1057 veniunt,
1343 1005 1421 1046 sibi
1450 1008 1529 1059 ipsi
1554 1008 1668 1060 plau-

116 1088 204 1114 sum
244 1089 405 1115 merere
444 1077 647 1115 maiorem
687 1089 810 1128 quam
852 1090 928 1128 par
967 1083 1039 1117 est.
1103 1075 1188 1117 Sed
1223 1076 1390 1116 dicendi
1423 1079 1530 1117 ratio
1560 1077 1668 1118 unde

115 1143 325 1185 effluxerit
355 1147 388 1185 si
412 1147 664 1198 quaerimus,
687 1146 770 1186 late
795 1152 910 1198 patet
933 1147 1004 1186 illa
1028 1147 1248 1187 translatio
1273 1161 1354 1199 qua
1379 1162 1410 1187 e.
1434 1162 1469 1199 g.
1494 1147 1668 1187 Plautus

115 1214 261 1267 (Poen.
292 1216 433 1269 1175.)
471 1216 628 1265 „oculis
663 1216 831 1268 epulas-⁴
870 1230 961 1256 esse
996 1216 1115 1256 datas
1150 1216 1288 1257 dicere
1321 1224 1487 1270 poterat
1520 1219 1569 1257 iis
1598 1219 1668 1270 qui

114 1284 288 1326 delubro
330 1291 477 1326 ornato
518 1287 607 1326 viso
646 1287 819 1326 veniunt
852 1286 1063 1328 delectati.
1130 1285 1365 1336 ,‚Gustare³·
1403 1301 1570 1340 quoque
1604 1289 1666 1328 vel

117 1355 267 1404 „edere
301 1359 561 1396 sermonem⁴⁴
600 1357 759 1409 placuit
793 1356 933 1396 dicere
957 1356 1160 1397 Romanis
1195 1357 1407 1409 (conferas
1441 1359 1521 1398 alia
1555 1358 1665 1411 apud

116 1425 366 1465 Lorenzium
414 1426 468 1466 ad
516 1426 656 1466 Plauti
703 1426 851 1466 Most.2
884 1428 1027 1481 1063).
1096 1425 1183 1467 Sed
1235 1442 1285 1467 ne
1339 1429 1459 1467 nimis
1511 1435 1666 1469 temere

111 1496 326 1548 volgarem
356 1496 565 1548 quendam
590 1511 708 1536 usum
735 1497 984 1537 olfaciamus
1008 1497 1181 1537 latinum
1207 1498 1271 1537 vel
1296 1499 1419 1538 etiam
1444 1498 1666 1551 plebeium,

112 1580 163 1605 ex
196 1564 458 1607 Graecorum
493 1572 589 1606 sunt
624 1573 735 1607 certe
770 1568 972 1608 nonnulla
1005 1567 1205 1620 decerpta
1239 1582 1442 1610 sermone.
1502 1569 1663 1609 Etenim

110 1637 193 1676 iam
227 1650 278 1676 ex
315 1637 395 1677 boc
435 1636 650 1678 Ciceronis
690 1637 800 1678 loco:
835 1638 943 1690 (cap.
967 1641 1004 1689 5,
1028 1639 1100 1691 25)
1133 1638 1231 1689 „sed
1265 1640 1464 1691 quoniam
1497 1639 1663 1679 avidum

110 1706 323 1746 hominem
370 1706 422 1746 ad
468 1707 544 1748 hos
585 1707 819 1748 discendi
861 1708 1035 1761 epulas
1075 1710 1227 1761 recepi,
1267 1710 1325 1749 sic
1365 1711 1583 1762 accipiam.
1623 1718 1665 1749 ut

110 1776 382 1829 reliquiarum
405 1778 458 1817 sit
480 1778 620 1830 potius
645 1778 816 1830 aliquid,
840 1792 965 1830 quam
990 1785 1030 1818 te
1054 1778 1151 1818 hinc
1175 1780 1313 1831 patiar
1328 1793 1409 1819 non
1427 1782 1663 1820 satiatum

110 1847 363 1899 discedere,⁴‘
398 1861 479 1888 non
515 1848 627 1888 nulla
660 1849 829 1888 insolita
870 1848 1077 1901 quaedam
1117 1849 1285 1889 dicendi
1324 1851 1431 1889 ratio
1471 1858 1532 1890 est
1567 1864 1664 1890 con-

111 1919 256 1970 spicua
288 1919 329 1957 in
355 1916 571 1959 Cicerone.
625 1916 763 1971 Quam
787 1919 898 1971 volgi
921 1933 1011 1959 esse
1034 1921 1249 1972 propriam
1274 1934 1363 1960 esse
1388 1934 1664 1972 censeremus,

111 1989 189 2027 nisi
229 1987 340 2040 apud
379 1988 654 2041 philosophos
693 2002 868 2041 graecos
911 1995 1152 2029 occurreret
1183 1989 1251 2030 hic
1285 2004 1394 2042 usus,
1428 2005 1452 2030 a
1485 1991 1663 2031 Platone

109 2058 290 2098 fortasse
330 2059 536 2111 inventus,
576 2066 687 2099 certe
727 2060 877 2099 litteris
918 2059 1126 2110 inductus,
1159 2060 1297 2101 thiaso
1332 2062 1419 2101 eius
1453 2068 1663 2114 acceptus.

109 2127 220 2168 Nam
255 2142 349 2168 cum
383 2127 532 2169 Cicero
573 2129 643 2181 (de
669 2129 749 2170 div.
777 2134 811 2182 1,
837 2133 901 2181 29,
926 2130 998 2184 61)
1040 2132 1225 2183 scripsit:
1278 2138 1345 2179 „at
1391 2133 1461 2184 qui
1507 2131 1662 2172 salubri

110 2205 152 2238 et
194 2198 415 2239 moderato
455 2199 568 2239 cultu
609 2205 735 2252 atque
776 2201 888 2240 victu
930 2201 1060 2253 quieti
1100 2214 1142 2240 se
1182 2200 1416 2253 tradiderit,
1457 2215 1503 2241 ea
1544 2208 1662 2254 parte

109 2269 248 2320 animi,
272 2283 380 2322 quae
402 2271 554 2310 mentis
579 2276 619 2310 et
643 2271 806 2310 consilii
831 2277 904 2323 est,
930 2272 1088 2323 agitata
1111 2277 1152 2311 et
1177 2278 1317 2311 erecta
1333 2278 1661 2324 saturataque

108 2337 312 2379 bonarum
353 2341 656 2392 cogitationum
695 2341 858 2393 epulis
899 2375 907 2382 .
931 2373 938 2381 .
964 2373 971 2381 .
999 2346 1016 2363 ⁶⁴
1061 2341 1251 2381 Platonis
1290 2343 1502 2382 transtulit
1535 2341 1661 2382 verba

108 2409 210 2462 (rep.
226 2409 309 2449 IX.
326 2413 406 2450 571
426 2409 481 2464 d.)
504 2444 512 2452 .
534 2443 541 2450 .
565 2443 572 2450 .
594 2412 822 2456 ἑστιάσας
843 2412 1005 2464 λόγων
1027 2412 1171 2452 καλῶν
1192 2413 1260 2452 καὶ
1277 2414 1507 2465 exemeron*
1548 2411 1660 2465 Quid

108 2479 222 2531 quod
245 2481 370 2520 etiam
393 2480 603 2533 Agathias
629 2481 726 2535 (ΑΡ
744 2481 823 2533 IV,
840 2484 863 2521 3
881 2502 935 2515 Ξ
953 2481 987 2522 Ι.
1010 2496 1048 2534 Ρ,
1065 2484 1130 2521 73.
1155 2481 1472 2535 Stadtmueller)
1501 2484 1662 2535 ,λόγων

106 2551 376 2595 mammosa&
413 2550 467 2604 (v.
493 2552 545 2605 2.)
584 2552 746 2604 ,λόγων
776 2557 1001 2604 παίιιΙιιιγεῖς
1024 2553 1201 2605 εὐωχίας
1225 2553 1279 2601 (V.
1304 2553 1347 2606 6)
1373 2551 1558 2592 scribens
1582 2553 1660 2592 hac

107 2619 307 2671 allegoria
346 2622 477 2660 utitur
519 2635 576 2670 „a
609 2621 824 2662 Platone
857 2622 954 2662 inde
987 2623 1233 2675 pervulgata
1265 2623 1403 2675 λόγων
1435 2624 1585 2675 ἐράνου
1620 2632 1661 2663 et

106 2691 336 2737 ἑστιάσεων,
382 2692 498 2731 cuius
546 2693 726 2732 convivii
773 2693 935 2744 singula
976 2699 1224 2732 ornamenta
1264 2692 1316 2732 ab
1357 2691 1549 2733 omnibus
1588 2694 1658 2733 illo

106 2765 294 2812 tempore
323 2759 569 2801 florentibus
593 2763 728 2814 poetis
753 2766 1002 2815 acceperat*
1030 2762 1224 2815 (Hecker
1249 2762 1363 2815 apud
1386 2762 1659 2803 Duebnerum

105 2829 139 2870 Ι.
163 2843 200 2882 p.
226 2832 309 2883 55).
389 2831 558 2871 Platoni
610 2839 752 2871 autem
799 2846 842 2872 re
894 2846 992 2872 vera
1039 2833 1081 2872 in
1129 2831 1289 2873 deliciis
1335 2833 1465 2873 fuisse
1516 2835 1658 2879 ἔστῖᾶν,

106 2901 371 2953 εὗωχεῖσθαι,
416 2903 603 2949 ἑστίασις,
648 2903 770 2955 dom)
825 2901 962 2942 verbis
1007 2904 1068 2942 uti
1111 2903 1326 2943 translatis
1374 2903 1427 2943 ad
1472 2917 1543 2943 eos
1589 2905 1659 2956 qui
