1944 3226
111 161 188 211 IV,
205 164 348 213 35,37,
363 164 428 201 38.
1605 165 1659 203 43
1716 161 1719 163 ·

112 278 248 319 dinosi
294 292 429 329 neque
473 277 612 330 plebei
656 278 835 318 hominis
880 278 1048 317 locutio.
1111 277 1219 317 Nam
1266 279 1433 330 proprie
1481 277 1663 318 obscena

110 349 232 388 huius
271 350 331 387 rei
371 348 619 399 significatio
658 352 870 396 ‚.cunnus“
908 354 997 388 erat
1031 347 1116 389 Cio.
1150 348 1247 389 fam.
1279 351 1405 399 3⁴22.
1430 351 1483 400 3).
1546 347 1660 387 Libi-

112 418 248 458 dinosi
281 424 420 457 autem
453 424 562 458 tecte
597 419 733 458 solent
772 417 1132 458 circumscribere:
1175 419 1314 469 „rima,
1352 417 1479 469 fossa,
1520 420 1661 468 saltus,

111 487 455 541 specus“habent
470 487 686 528 vocabula.
703 488 828 541 (Hey.
845 488 955 529 arch.
972 487 1043 527 XI
1060 489 1173 541 531.)
1208 488 1377 528 Persius
1401 502 1474 527 suo
1496 489 1661 527 nomine

110 572 195 598 rem
231 557 438 609 significat
472 557 628 610 (Varro
658 557 805 598 Celsus
828 557 1007 611 Plinius)
1040 563 1086 597 ut
1118 558 1243 597 homo
1279 572 1458 598 severus.
1511 557 1662 610 Neque

111 635 247 668 autem
284 627 452 667 difficile
481 628 738 679 intellegitur
770 628 870 680 quid
900 627 1070 668 Persius
1100 628 1279 667 voluerit
1306 627 1540 680 significare
1570 642 1661 680 per-

110 712 324 737 versorum
353 711 516 738 morum
546 699 784 750 castigator.

228 771 293 807 37.
372 768 663 817 „Maxillarum
715 771 925 820 gausape“
987 767 1160 808 barbam
1219 768 1326 808 salse
1379 769 1660 820 appellantem

109 838 213 878 facit
244 838 586 878 interlocutorem
616 838 784 878 Persius
818 852 961 878 rursus
995 838 1046 878 de
1081 852 1167 878 suo.
1223 836 1348 890 Quod
1381 840 1459 891 ipsi
1495 853 1661 891 quoque

108 908 399 960 glossographi
426 914 645 959 testantur,
670 910 824 961 quippe
849 910 918 960 qui
943 922 994 948 ex
1016 908 1161 948 Persio
1187 908 1423 948 doctrinam
1446 909 1662 948 hauserint

110 978 167 1032 (V
202 980 296 1030 616,
326 982 378 1019 25
416 978 684 1028 „balanatum
723 981 934 1031 gausape“
970 980 994 1019 i.
1029 993 1060 1018 e.
1102 978 1254 1018 balano
1295 978 1426 1018 herba
1466 981 1660 1031 tinctum)

110 1063 243 1101 neque
277 1042 505 1101 quidquam
540 1048 592 1088 de
625 1048 756 1089 barba
790 1048 957 1088 aliunde
991 1048 1234 1101 praebeant.
1289 1047 1490 1101 Gausape
1521 1058 1661 1089 autem

110 1127 198 1158 erat
230 1133 359 1170 genus
393 1120 519 1171 panni
545 1120 761 1159 crassioris
796 1126 836 1159 et
868 1120 1002 1159 altera
1023 1126 1141 1171 parte
1166 1120 1301 1159 villosi
1326 1134 1375 1159 ex
1399 1133 1480 1172 quo
1504 1119 1662 1159 fiebant

110 1190 294 1240 stragula
328 1203 422 1229 011111
455 1190 608 1229 mensis
644 1189 849 1243 (Lucilius
882 1192 976 1240 568,
1010 1189 1160 1231 Horat.
1192 1204 1312 1231 serm.
1343 1194 1377 1239 7,
1405 1193 1441 1241 8,
1469 1190 1540 1239 11)
1574 1198 1661 1230 111111

109 1260 226 1299 lectis
249 1259 403 1299 idonea
437 1259 613 1312 (lodices
640 1280 693 1293 z
727 1274 960 1312 gausapum
995 1260 1245 1312 quadratum
1280 1260 1391 1312 apud
1423 1260 1661 1300 Martialem

111 1332 175 1378 1-1,
202 1330 300 1384 152)
334 1331 517 1382 itemque
551 1337 686 1370 vestes
722 1344 897 1381 quarum
934 1344 1030 1370 usus
1065 1337 1154 1370 erat
1187 1332 1227 1369 in
1262 1330 1404 1382 pluvia
1437 1338 1476 1370 et
1506 1330 1660 1383 frigore

111 1400 307 1452 (paenula
346 1401 581 1452 gausapina
613 1400 734 1441 Mart.
779 1402 978 1450 14.145).
1042 1401 1154 1452 Ergo
1189 1401 1223 1440 si
1263 1408 1375 1440 recte
1416 1415 1436 1441 e
1471 1415 1661 1441 sermone

109 1469 323 1510 cotidiano
358 1477 568 1523 arreptum
604 1470 808 1510 iudicavit
830 1470 1016 1510 Marxius
1041 1470 1093 1510 ad
1118 1470 1251 1510 Lucil.
1276 1474 1370 1511 568.
1398 1471 1661 1515 vocabulum,

109 1539 223 1593 quod
267 1539 472 1593 probatur
516 1555 577 1591 eo,
624 1540 735 1593 quod
782 1543 823 1581 in
859 1541 1063 1581 Martialis
1103 1541 1376 1594 apophoretis
1416 1543 1660 1594 saepissime

110 1617 234 1659 extat,
269 1625 374 1651 nove
407 1611 461 1651 ad
484 1610 657 1651 barbam
692 1612 905 1651 transtulit
928 1611 1109 1659 Persius,
1135 1626 1216 1664 quo
1248 1612 1395 1652 melius
1421 1612 1663 1664 designetur

108 1681 233 1721 homo
267 1681 463 1733 hirsutus,
498 1682 690 1734 psilothri
724 1682 939 1734 turpitudo
974 1682 1227 1723 derideatur.
1337 1725 1340 1727 ,

228 1754 292 1792 38.
359 1752 699 1804 „gurgulionem”
738 1754 926 1792 nominat
958 1767 1119 1805 penem.
1175 1750 1269 1804 Quo
1303 1754 1344 1792 111
1375 1752 1500 1793 verbo
1531 1754 1660 1805 expli-

110 1821 244 1861 cando
285 1823 483 1874 quoniam
529 1829 776 1875 argutantur
820 1828 860 1862 et
905 1822 1088 1862 titubant
1120 1824 1383 1875 interpretes,
1428 1823 1532 1863 haec
1566 1832 1662 1864 sunt

109 1891 329 1932 monenda.
404 1892 454 1932 In
508 1894 740 1945 speciosam
791 1892 982 1932 fraudem
1037 1894 1204 1945 pellecti
1249 1900 1345 1933 sunt
1396 1894 1661 1945 scholiastae,

110 1963 180 2014 qui
231 1961 283 2001 de
327 1969 494 2014 gutture
546 1963 837 2015 metaphoram
889 1963 1142 2004 derivarunt.
1223 1964 1358 2003 Immo
1418 1965 1660 2005 animalium

111 2032 347 2072 nominibus
380 2034 605 2086 praecipue
640 2047 765 2085 saepe
798 2033 1007 2073 vocabant
1040 2033 1271 2073 membrum
1306 2035 1423 2074 virile
1457 2034 1659 2075 Romani:

109 2108 274 2142 turtur
307 2102 562 2155 (Buecheler
595 2104 706 2145 arch.
733 2104 781 2143 [I
808 2105 918 2157 117),
954 2105 1120 2143 natrix
1154 2103 1359 2157 (Lucilius
1387 2106 1468 2157 72.)
1498 2125 1552 2138 Ξ
1580 2107 1662 2158 ἔχις

109 2174 205 2225 ὄφις
228 2174 374 2225 anguis
399 2173 556 2227 (Priap.
572 2177 638 2225 83,
656 2175 738 2227 33),
763 2175 881 2214 sira:
907 2179 1042 2226 σαῦροι
1062 2175 1107 2214 τὸ
1129 2175 1288 2215 αἰδοῖον
1310 2175 1433 2227 gloss.
1449 2175 1497 2214 II
1515 2178 1607 2227 185,
1625 2178 1660 2227 9,

109 2244 263 2296 piscis
310 2243 462 2284 rubeus
508 2251 580 2284 aut
624 2246 743 2297 penis
791 2243 869 2285 GL
895 2244 959 2284 VI
993 2248 1089 2295 462,
1114 2247 1149 2286 3.
1226 2245 1483 2285 strutheus
1531 2246 1661 2298 (Fest.

109 2327 146 2366 p.
181 2316 285 2355 313a
302 2315 392 2366 23);
447 2314 641 2355 Heraeus
682 2315 792 2356 arch.
826 2315 924 2354 XII
948 2315 1142 2356 26531111.
1206 2315 1319 2367 Ergo
1366 2329 1414 2355 eo
1462 2317 1592 2367 magis
1638 2330 1659 2355 a

110 2383 361 2424 scholiastae
407 2384 600 2425 doctrina
644 2384 951 2437 abstinendum,
993 2392 1255 2438 praesertum
1301 2399 1393 2425 cum
1432 2385 1660 2426 Persianus

112 2455 295 2494 curculio
354 2454 509 2494 habeat
560 2456 801 2508 gemellum:
861 2456 984 2508 gloss.
1032 2456 1081 2495 ΙΙ
1104 2459 1281 2507 552,13
1337 2457 1658 2496 vermiculus:

109 2525 299 2577 βάλανος,
333 2526 525 2577 ἀνδρείας
553 2527 733 2578 φύσεως.
784 2525 939 2567 Nonne
972 2525 1062 2565 fieri
1095 2533 1246 2578 potest,
1279 2533 1324 2566 ut
1352 2526 1432 2566 hoc
1455 2526 1661 2567 vocabula

110 2594 235 2634 fuerit
262 2596 392 2646 magis
416 2597 457 2635 in
491 2609 579 2645 usu,
613 2595 784 2636 Persius
819 2611 868 2636 ex
900 2595 1034 2648 plebis
1069 2610 1139 2636 ore
1174 2596 1467 2649 depromptum
1502 2596 1660 2637 affabre

110 2664 362 2705 variaverit?
439 2665 496 2705 Et
549 2680 598 2705 ne
651 2667 692 2706 111
747 2666 903 2706 tradita
961 2668 1140 2706 lectione
1194 2667 1419 2721 (gurgulio)
1474 2667 1660 2719 haereas,

111 2733 312 2775 habemus
372 2737 562 2789 exempla
622 2737 854 2788 scripturae
908 2742 1188 2789 permutatae:
1267 2736 1356 2777 Cat.
1408 2739 1532 2789 agric.
1586 2740 1658 2777 92:

109 2804 320 2845 frumento
367 2819 416 2845 ne
457 2807 683 2845 curculio
731 2813 881 2846 noceat
919 2805 1040 2858 APb,
1077 2806 1289 2846 frumento
1336 2821 1385 2847 ne
1429 2809 1660 2859 gurgulio

111 2882 261 2914 noceat
283 2889 318 2925 v,
351 2877 535 2928 itemque
558 2875 776 2916 Palladius
804 2880 838 2929 1,
867 2879 927 2927 19,
954 2881 976 2917 2
1002 2876 1194 2918 Schmitt.
1247 2876 1304 2917 Et
1327 2884 1372 2917 ut
1395 2878 1660 2930 eloquentiae
