1944 3226
140 149 218 201 VI,
234 153 299 197 52,
318 153 369 190 72
380 164 468 203 sqq.
1633 138 1693 188 5²?

139 274 201 306 est
219 267 335 306 testis
355 267 467 310 (met.
484 269 518 317 1,
532 266 633 319 393)
653 272 693 306 et
709 265 919 307 Choirilus
939 272 978 306 et
995 266 1227 306 Menander
1244 266 1443 307 rhetores,
1461 265 1529 318 (cf.
1545 266 1685 319 intpr.)

139 334 225 377 Sed
253 342 494 387 „exossatus
519 338 641 388 ager“
669 337 805 388 ipsum
829 338 1008 376 maxime
1032 336 1194 377 redolet
1215 336 1405 376 Persium
1431 342 1686 377 novatorem.

255 406 311 446 Et
354 408 417 457 „in
462 406 639 445 decursu
683 406 881 458 lampada
924 420 1097 459 poscere
1136 407 1201 446 vel
1239 406 1429 446 tradere‘·
1469 406 1521 459 (v.
1551 409 1622 450 61>
1663 420 1684 445 a

138 474 399 517 Graecorum
427 477 758 530 λαμπαδηφορία
787 477 1022 529 profectum
1053 478 1385 529 translatumque
1407 476 1460 516 ad
1484 490 1533 516 ea
1557 490 1684 528 quae-

137 560 314 598 cumque
343 547 464 586 alteri
493 546 544 586 ab
576 547 707 586 altero
737 546 969 598 tradantur,
1003 560 1257 599 quamquam
1287 546 1481 586 dictionis
1506 547 1684 586 usitatae

134 615 370 656 Varronem
410 616 612 656 habemus
653 623 801 657 testem
842 617 912 671 (de
946 631 975 658 r.
1002 631 1032 658 r.
1061 620 1096 668 3,
1127 620 1190 667 16,
1220 620 1242 656 9
1284 617 1333 656 de
1374 616 1604 669 colloquio)
1645 623 1683 656 et

134 685 353 726 Luretium
387 687 443 740 (2,
470 688 533 738 79,
563 686 614 726 de
644 688 729 726 vita
756 687 937 727 humana
961 686 1150 740 dictum).
1184 694 1322 727 tamen
1356 686 1492 727 facete
1527 688 1683 739 primus

133 757 347 796 transtulit
385 762 528 796 noster
565 756 619 796 ad
657 756 854 797 heredem
895 757 1063 797 avidum
1114 759 1184 809 qui
1218 758 1357 796 vivum
1405 771 1498 797 eum
1532 771 1556 796 a
1601 770 1682 809 quo

133 833 274 878 sperat
306 826 581 867 hereditatem
614 841 656 867 se
687 834 906 879 capturum
934 834 1068 867 vexat.
1121 827 1271 879 Neque
1299 841 1395 867 vero
1421 827 1471 867 de
1495 826 1682 867 versibus

133 899 285 949 72sqq.
328 911 498 949 possum
547 899 624 937 nisi
668 899 944 950 interpretum
989 898 1052 937 vel
1098 897 1374 937 fundamenta
1418 898 1482 937 vel
1526 896 1682 937 iudicia

131 974 369 1007 recantare:
409 968 540 1008 multa
574 969 717 1007 insunt
750 967 896 1008 eadem
931 968 996 1007 vel
1029 969 1180 1008 similia
1212 969 1251 1007 in
1290 968 1469 1008 Horatio
1502 969 1682 1008 maxime

132 1045 172 1077 et
195 1037 389 1078 Martiale
414 1044 455 1078 et
477 1038 668 1090 Priapeis
692 1038 958 1078 carminibus.
1007 1038 1145 1079 Unum
1181 1038 1499 1090 „singultieffl
1532 1052 1681 1078 moneo

132 1108 385 1160 „palpitare“
408 1122 511 1148 voce
535 1123 661 1161 prave
686 1109 898 1161 explicari.
934 1109 1226 1161 Veriloquium
1252 1116 1391 1148 autem
1416 1108 1608 1148 vocabuli
1633 1123 1682 1149 ex

130 1179 226 1230 χέλυ
240 1200 286 1210 =
301 1178 428 1219 latine
443 1179 537 1230 gelu
554 1179 612 1232 (in
633 1180 837 1231 „gluttus·'·'
855 1179 1136 1231 ,.singluttus‘·‚
1156 1178 1266 1219 unde
1281 1179 1367 1218 ital.
1383 1178 1681 1231 ..singhiozzom

129 1247 375 1300 francogall.
390 1250 615 1301 „sanglotx‘
632 1248 867 1301 subgluttus
881 1270 925 1281 Ξ
938 1250 1141 1302 singultus
1156 1249 1357 1289 Loeweus
1372 1247 1438 1290 Gl.
1449 1263 1556 1290 nom.
1570 1252 1680 1303 169.)

132 1316 366 1359 Guilelmus
392 1318 621 1360 Schulzeus
646 1321 828 1359 excussit
856 1326 1017 1372 quaest.
1042 1334 1103 1372 ep.
1128 1335 1164 1373 p.
1185 1323 1279 1370 340,
1304 1319 1397 1360 adn.
1420 1323 1455 1361 3.
1490 1327 1529 1359 et
1554 1320 1680 1359 latine

134 1390 388 1441 „singultus“
440 1389 588 1430 eadem
639 1391 801 1430 ratione
854 1391 1119 1430 immutatum
1171 1404 1254 1443 qua
1301 1391 1585 1441 „auscultarff‘
1631 1404 1681 1429 ex

128 1460 413 1511 „ausclutare“
447 1461 470 1501 i.
499 1474 531 1499 e.
556 1462 865 1501 ὠτ-ακουστεῑν
891 1460 1045 1502 docuit.
1089 1461 1165 1500 Vis
1196 1467 1336 1500 autem
1370 1475 1476 1513 quae
1511 1461 1680 1513 propria

127 1531 237 1570 inest
259 1529 465 1570 vocabulo
490 1532 531 1584 (i.
553 1545 585 1571 e.
608 1529 861 1572 Germanice
884 1530 1145 1583 „Schluoken
1171 1530 1350 1584 haben·‘)
1375 1530 1487 1584 apud
1511 1529 1679 1571 Celsum

129 1606 243 1640 extat
281 1604 318 1652 5,
347 1604 411 1653 26,
443 1604 493 1641 19
535 1600 816 1654 Daremberg:
863 1602 1128 1653 „stomachus
1168 1600 1368 1651 afficitur3
1420 1602 1563 1653 itaque
1608 1607 1679 1640 aut

127 1669 252 1711 bilem
292 1677 466 1711 vomunt
505 1679 576 1711 aut
616 1672 899 1724 siugultiunt.“
941 1678 981 1712 et
1020 1687 1043 1712 a
1081 1672 1219 1712 Plinio
1260 1671 1480 1712 exhibetur
1519 1674 1583 1713 23.
1612 1674 1679 1712 48.

126 1740 276 1795 Neque
314 1756 484 1794 prorsus
525 1742 608 1782 alia
650 1743 692 1782 in
733 1743 881 1794 glossis
920 1744 1131 1782 invenitur
1171 1742 1439 1794 significatio:
1479 1743 1592 1789 λύζει)
1630 1741 1679 1781 Π

130 1814 230 1859 185,
256 1816 297 1863 1;
339 1816 439 1865 363,
463 1817 508 1863 4;
554 1814 781 1866 ἀποβλύζο)
823 1814 1082 1866 (ausspeien‘)
1115 1813 1164 1853 II
1192 1816 1292 1855 235.
1317 1816 1390 1862 54;
1436 1812 1679 1865 frequenter

127 1882 374 1935 subgluattit
397 1883 437 1923 V
455 1886 549 1935 332,
575 1887 639 1923 59.

246 1953 435 1994 Eximius
473 1956 600 2006 igitur
640 1960 702 1994 est
734 1954 869 1994 Persii
905 1955 1022 1994 locus
1057 1968 1191 2007 neque
1226 1955 1330 1993 alter
1362 1960 1530 2006 praesto
1565 1955 1677 1993 vocis

125 2025 278 2064 rationi
330 2024 618 2077 explicandae.
690 2023 830 2077 Quare
883 2039 974 2065 cum
1023 2039 1167 2065 sensus
1211 2024 1448 2077 postuletur
1492 2026 1543 2074 is,
1596 2038 1677 2076 quo

124 2094 340 2134 fastidium
387 2096 475 2135 eius
521 2095 779 2148 significetur
823 2097 893 2149 qni
933 2096 1079 2135 illicita
1113 2095 1278 2135 Venere
1318 2096 1475 2147 passim
1514 2095 1678 2134 fruatur

125 2165 293 2218 (,‚vag0
335 2167 528 2218 inguine“
574 2165 687 2218 quod
734 2173 796 2206 est
840 2165 1047 2206 ablativus
1091 2166 1259 2219 causae)
1305 2172 1391 2204 tum
1436 2166 1676 2204 meretrices

123 2235 317 2276 fastidiat
348 2236 594 2289 („m0rosa
620 2239 767 2290 vena‘·')
804 2251 982 2289 cumque
1012 2237 1213 2276 matronis
1244 2237 1342 2275 solis
1372 2234 1549 2288 posthac
1578 2235 1675 2274 velit

124 2320 210 2346 rem
256 2305 423 2358 habere,
469 2308 631 2347 ratione
678 2307 791 2347 nulla
835 2307 917 2347 alia
955 2307 1056 2346 mihi
1096 2305 1270 2357 videtur,
1317 2307 1393 2345 nisi
1434 2305 1675 2346 Casauboni

124 2378 472 2429 interpretatione
511 2391 575 2417 res
614 2391 738 2430 posse
779 2377 1061 2430 comprobari:
1105 2377 1343 2428 „singultire
1384 2383 1446 2416 est
1483 2375 1675 2416 fastidire

124 2448 290 2499 copiam
323 2448 499 2488 alicuius
532 2449 611 2498 rei3
646 2462 740 2487 nam
774 2449 883 2488 inter
911 2462 1058 2488 causas
1081 2449 1218 2487 varias
1247 2447 1451 2498 singultus
1476 2454 1537 2486 est
1560 2446 1675 2487 haec.

124 2518 158 2556 si
189 2517 432 2569 imprudens
458 2518 607 2570 aliquis
632 2524 703 2558 aut
727 2517 890 2558 avidior
914 2532 1038 2570 quam
1062 2532 1138 2570 par
1162 2524 1251 2557 erat
1274 2518 1474 2557 maiorem
1500 2516 1673 2556 buccam

123 2587 398 2640 deglutierit“.
459 2588 516 2628 Et
549 2589 628 2628 hoc
660 2588 786 2628 modo
820 2602 864 2628 re
898 2602 995 2628 vera
1029 2589 1128 2628 satis
1162 2588 1392 2628 insolenter
1424 2586 1676 2626 transfertur

122 2659 183 2698 vis
222 2658 395 2698 voculae
435 2657 488 2697 ad
528 2658 707 2698 coeundi
745 2657 975 2698 fastidium.
1040 2657 1165 2710 Quod
1200 2672 1294 2697 cum
1328 2658 1440 2697 omni
1473 2658 1674 2697 memoria

123 2728 371 2768 destitutum
395 2728 567 2781 legatur,
590 2729 671 2768 hoc
694 2743 821 2768 unum
843 2742 925 2768 uon
947 2728 1087 2768 facere
1108 2742 1342 2781 possumus,
1367 2729 1465 2780 quin
1482 2727 1673 2767 Persium

123 2800 383 2850 excogitasse
416 2804 626 2851 putemus3
660 2800 729 2851 qui
752 2800 793 2838 in
817 2798 896 2838 hac
925 2812 1007 2838 una
1028 2812 1083 2849 re,
1118 2813 1167 2838 ne
1195 2798 1273 2838 vile
1298 2799 1519 2850 quicquam
1544 2799 1673 2837 intro·

121 2868 260 2920 ferret,
293 2870 597 2921 interrumpere
628 2883 709 2909 non
735 2876 797 2909 est
819 2870 973 2909 veritus
998 2882 1165 2908 cursum
1189 2869 1392 2908 sermonis
1416 2869 1673 2920 recessitque
