1944 3226
231 218 285 256 ‘20
1576 213 1692 265 1,18,
1720 216 1788 255 21.

231 349 274 385 γε
318 333 559 384 κατεαγότες
594 331 675 372 ὑπὸ
713 336 783 383 τῆς
820 335 982 383 τρυφῆς
1020 331 1090 370 καὶ
1128 332 1477 384 ἐκνενευρισμένοι
1520 332 1789 372 παντάπασιν.

230 403 333 442 alios
366 403 482 442 locos
516 401 610 441 vide
645 400 757 453 apud
792 399 1067 452 Stephanum.

349 476 469 530 Quae
516 478 657 517 omnia
703 477 832 516 allata
877 476 1006 516 nolim
1050 477 1110 516 ita
1150 477 1349 528 intellegi,
1395 483 1610 529 tamquam
1654 477 1789 517 Persii

229 549 385 588 locutio
418 547 515 587 inde
549 548 839 587 acuratissime
871 548 965 598 ipsa
998 547 1240 597 illustretur,
1274 548 1401 587 immo
1436 546 1552 587 vides
1582 547 1789 599 „fractus“

229 618 478 659 vocabulum
511 619 551 657 in
588 616 791 657 similibus
824 616 950 657 rebus
985 617 1115 657 fuisse
1148 618 1361 668 usitatum,
1398 616 1471 657 sed
1505 619 1629 657 etiam
1659 616 1790 670 vides,

229 688 441 741 quomodo
474 689 563 740 ipse
597 687 767 728 Persius
799 688 841 727 in
876 686 1060 727 dictione
1095 687 1390 740 componenda
1431 700 1678 740 progressus
1725 689 1789 728 sit.

228 758 337 798 Nam
372 772 479 810 quae
514 758 566 797 ad
602 759 915 810 corruptionem
945 757 1398 810 conturbationemque
1429 759 1617 810 corporis
1647 758 1788 798 multis

228 828 471 869 libidinibus
497 830 683 868 enervati
714 829 880 881 proprie
905 834 1069 880 spectat
1092 842 1183 878 vox,
1217 828 1297 868 hoo
1333 828 1426 868 1000
1462 829 1521 868 ita
1555 827 1791 881 adhibetur,

228 906 273 939 ut
306 900 424 952 quasi
457 900 549 951 ipso
583 898 769 956 libidinis
802 905 899 938 actu
934 897 1195 938 debilitatem
1227 897 1318 938 fieri
1353 905 1560 940 cernatur.

347 979 489 1033 Quare
535 982 663 1020 etiam
707 982 747 1020 in
790 979 1061 1033 sequentibus
1103 981 1237 1020 noluit
1276 979 1541 1020 obscenitate
1578 979 1790 1021 abstinere

228 1066 261 1093 v.
294 1055 358 1093 21.
388 1051 555 1094 ..Titos“
589 1059 629 1091 et
668 1050 903 1095 „lumbunr‘”
942 1050 1115 1090 vocibus
1156 1064 1268 1092 usus.
1345 1049 1477 1091 Suum
1515 1052 1625 1090 enim
1658 1052 1790 1103 ipsius

226 1121 527 1171 „Romulidae‘
574 1125 629 1175 (1,
668 1122 738 1173 31)
783 1121 846 1160 vel
892 1121 1179 1160 Horatianum
1234 1120 1470 1170 ,.Ramnes“
1522 1120 1576 1174 (a.
1609 1120 1655 1162 P.
1686 1121 1788 1175 342)

229 1206 302 1232 cur
344 1192 425 1232 hoc
470 1192 563 1232 loco
609 1191 810 1231 adhibere
850 1191 1042 1242 noluerit,
1082 1205 1106 1231 a
1144 1191 1374 1231 scholiasta
1417 1197 1530 1232 recte
1570 1191 1789 1233 docemur:

232 1264 297 1312 „in
331 1262 548 1302 libidinem
581 1265 762 1315 pronos“
790 1261 861 1315 (cf.
886 1261 988 1303 Isid.
1013 1263 1113 1314 orig.
1136 1261 1235 1301 XII
1259 1264 1296 1306 7,
1324 1262 1394 1315 62)
1418 1262 1551 1301 voluit
1574 1261 1790 1302 denotare.

231 1332 365 1378 ..Nam
406 1347 430 1373 a
468 1332 644 1373 membri
682 1333 812 1372 virilis
857 1332 1148 1384 magnitudine
1183 1331 1285 1372 dicti
1320 1333 1419 1372 titi“.
1474 1332 1639 1386 (schol.)
1703 1332 1788 1373 Pro

228 1405 343 1444 cuius
376 1402 459 1444 fide
491 1404 730 1443 intercessit
764 1403 1000 1443 Buecheler
1034 1403 1144 1442 arch.
1167 1402 1216 1442 II
1242 1405 1344 1443 120:
1382 1404 1480 1451 „wir
1513 1402 1677 1443 werden
1710 1417 1789 1443 uns

229 1488 353 1527 sagen
393 1478 572 1522 mstssen,
612 1473 693 1514 dass
727 1473 773 1515 P.
807 1473 938 1513 durch
979 1473 1045 1513 die
1070 1473 1201 1512 Wahl
1236 1472 1308 1513 des
1342 1472 1532 1513 Namens
1569 1473 1688 1513 Titus
1721 1473 1790 1513 fiir

226 1545 320 1597 jene
347 1543 626 1596 Schil'derung
658 1544 767 1584 noch
802 1545 921 1584 einen
947 1543 1177 1584 besonders
1201 1543 1406 1596 pikanten
1431 1543 1525 1596 Zug
1546 1557 1791 1596 gewounen,

228 1615 483 1667 keineswegs
530 1614 627 1655 bloss
674 1614 923 1654 Romertum
968 1613 1052 1654 und
1100 1613 1212 1654 Adel
1262 1613 1336 1654 der
1376 1613 1570 1654 Zuhorer
1615 1614 1787 1655 streifen

228 1686 393 1738 gewollt
433 1685 541 1725 hat.“
608 1685 764 1725 Milites
803 1685 984 1725 fortasse
1017 1685 1119 1724 talia
1152 1684 1435 1724 adhibuerunt
1470 1684 1540 1738 (cf.
1573 1684 1787 1725 Heraeum

229 1757 340 1797 arch.
362 1755 460 1796 XII
485 1757 601 1809 266).

347 1838 445 1877 Huc
479 1837 659 1890 quadrat
693 1839 820 1878 etiam
854 1851 1004 1877 nomen
1044 1836 1282 1888 „lumbum‘⁴
1319 1838 1504 1890 positum
1538 1837 1651 1890 quod
1678 1838 1719 1877 in
1743 1851 1790 1878 re

229 1922 409 1948 venerea
438 1914 607 1960 praeter
629 1908 872 1948 Iuvenalem
903 1909 1029 1948 etiam
1057 1908 1202 1948 titulus
1225 1908 1476 1960 parietarius
1500 1907 1787 1960 Pompeianus

230 1978 398 2019 exhibet
432 1977 530 2019 CIL
556 1978 621 2018 IV
649 1981 778 2020 1824:

375 2062 588 2113 ..quisquis
622 2066 737 2100 amat
768 2061 927 2111 veniat3
965 2060 1123 2100 Veneri
1156 2060 1251 2100 volo
1286 2060 1480 2112 frangere
1516 2065 1654 2100 costas

371 2130 552 2171 fustibus
587 2138 626 2170 et
659 2129 839 2170 lumbis
874 2129 1095 2171 debilitare
1129 2130 1271 2172 deae.“

350 2216 413 2255 21.
452 2212 675 2263 „Tremulo
711 2214 956 2266 scalpuntur
988 2212 1058 2252 ubi
1091 2213 1240 2252 intima
1271 2216 1433 2254 versu.³‘

349 2288 488 2331 Ceteri
507 2290 615 2329 hanc
632 2290 852 2330 mollitiem
868 2289 1075 2341 „mulcere
1091 2289 1329 2329 demulcere
1346 2289 1519 2342 palpare
1537 2289 1788 2329 sollicitare<

231 2359 445 2400 vocabulis
500 2361 636 2400 solent
689 2360 890 2400 denotare
945 2360 1156 2413 (conferas
1212 2358 1442 2400 Sittlium
1495 2358 1546 2399 de
1601 2358 1787 2411 gestibus

232 2430 497 2483 motibusque
523 2428 673 2471 Graec.
699 2436 750 2472 et.
774 2430 907 2482 Rom„
941 2444 978 2482 p.
1003 2433 1068 2482 33,
1085 2433 1128 2483 8)
1163 2430 1226 2470 vel
1265 2431 1354 2480 „uri
1381 2430 1552 2469 titillare
1580 2431 1787 2483 prurire“:

235 2502 420 2553 ..prurire
466 2502 645 2540 maxime
692 2502 891 2541 usitatum
937 2500 1066 2540 fuisse
1106 2500 1273 2540 videtur
1311 2501 1353 2539 in
1392 2500 1535 2552 lingua
1572 2500 1706 2540 latina
1743 2505 1789 2540 ut

233 2570 387 2612 Graeci
426 2573 573 2619 κνίζειν
616 2572 859 2623 gemellum:
907 2571 1100 2611 conferas
1147 2570 1301 2611 nubem
1343 2572 1385 2610 in
1424 2570 1577 2611 Plauto
1618 2569 1786 2610 Catullo

232 2641 425 2681 Martiale
459 2642 647 2682 locorum
682 2648 722 2681 et
753 2643 793 2681 in
828 2640 1171 2694 inscriptionibus
1196 2643 1423 2682 invenitur:
1459 2639 1559 2682 CIL
1583 2640 1648 2680 IV
1674 2643 1790 2680 2360

232 2733 276 2743 Ξ
310 2726 433 2751 carm.
457 2712 527 2751 lat.
551 2713 680 2767 epigr.
705 2715 757 2752 45
794 2712 952 2752 Buech.

519 2801 658 2843 ..amat
691 2795 761 2846 qni
795 2793 950 2844 scribit,
983 2793 1205 2846 pedicatur
1237 2794 1308 2846 qui
1341 2794 1443 2846 legit

237 2864 332 2915 „qui
346 2862 555 2903 obscultat
568 2864 836 2915 (zauscultat
848 2864 969 2903 Marx
985 2863 1791 2916 ann.nov.phil.1909‚p.440)prurit,

798 2934 992 2986 pathicus
1026 2942 1089 2973 est
1121 2935 1190 2986 qui
1224 2935 1437 2986 praeterit.
