<?xml version="1.0" encoding="UTF-8"?>
<!DOCTYPE html PUBLIC "-//W3C//DTD XHTML 1.0 Transitional//EN"
    "http://www.w3.org/TR/xhtml1/DTD/xhtml1-transitional.dtd">
<html xmlns="http://www.w3.org/1999/xhtml" xml:lang="en" lang="en">
 <head>
  <title>
</title>
<meta http-equiv="Content-Type" content="text/html;charset=utf-8" />
  <meta name='ocr-system' content='tesseract 3.04.00' />
  <meta name='ocr-capabilities' content='ocr_page ocr_carea ocr_par ocr_line ocrx_word'/>
</head>
<body>
  <div class='ocr_page' id='page_1' title='image "./depersiiinsaturi00schuoft_0103.png"; bbox 0 0 1944 3226; ppageno 0'>
   <div class='ocr_carea' id='block_1_1' title="bbox 835 728 976 778">
    <p class='ocr_par' dir='ltr' id='par_1_1' title="bbox 835 728 976 778">
     <span class='ocr_line' id='line_1_1' title="bbox 835 728 976 778; baseline 0.007 -1"><span class='ocrx_word' id='word_1_1' title='bbox 835 728 976 778; x_wconf 82' lang='lat' dir='ltr'>vita.</span> 
     </span>
    </p>
   </div>
   <div class='ocr_carea' id='block_1_2' title="bbox 122 839 1673 2915">
    <p class='ocr_par' dir='ltr' id='par_1_2' title="bbox 122 839 1673 2915">
     <span class='ocr_line' id='line_1_2' title="bbox 247 839 1672 897; baseline 0.006 -18"><span class='ocrx_word' id='word_1_2' title='bbox 247 839 494 880; x_wconf 76' lang='lat' dir='ltr'>Martinus</span> <span class='ocrx_word' id='word_1_3' title='bbox 524 839 823 882; x_wconf 75' lang='lat' dir='ltr'>Schonbach</span> <span class='ocrx_word' id='word_1_4' title='bbox 848 842 997 884; x_wconf 82' lang='lat' dir='ltr'>Oscari</span> <span class='ocrx_word' id='word_1_5' title='bbox 1026 844 1111 884; x_wconf 85' lang='lat' dir='ltr'>ludi</span> <span class='ocrx_word' id='word_1_6' title='bbox 1139 848 1325 897; x_wconf 80' lang='lat' dir='ltr'>magistri</span> <span class='ocrx_word' id='word_1_7' title='bbox 1352 854 1483 887; x_wconf 84' lang='lat' dir='ltr'>matre</span> <span class='ocrx_word' id='word_1_8' title='bbox 1512 848 1672 889; x_wconf 85' lang='lat' dir='ltr'>Helena</span> 
     </span>
     <span class='ocr_line' id='line_1_3' title="bbox 129 910 1672 966; baseline 0.006 -18"><span class='ocrx_word' id='word_1_9' title='bbox 129 924 150 949; x_wconf 91' lang='lat' dir='ltr'>e</span> <span class='ocrx_word' id='word_1_10' title='bbox 183 917 306 961; x_wconf 88' lang='lat' dir='ltr'>gente</span> <span class='ocrx_word' id='word_1_11' title='bbox 340 910 513 963; x_wconf 84' lang='lat' dir='ltr'>Tempel</span> <span class='ocrx_word' id='word_1_12' title='bbox 554 912 732 952; x_wconf 82' lang='lat' dir='ltr'>oriunda</span> <span class='ocrx_word' id='word_1_13' title='bbox 770 912 867 953; x_wconf 84' lang='lat' dir='ltr'>fidei</span> <span class='ocrx_word' id='word_1_14' title='bbox 908 915 1174 966; x_wconf 87' lang='lat' dir='ltr'>evangelicae</span> <span class='ocrx_word' id='word_1_15' title='bbox 1207 915 1381 955; x_wconf 86' lang='lat' dir='ltr'>Lutheri</span> <span class='ocrx_word' id='word_1_16' title='bbox 1423 924 1542 957; x_wconf 83' lang='lat' dir='ltr'>natus</span> <span class='ocrx_word' id='word_1_17' title='bbox 1583 933 1672 958; x_wconf 89' lang='lat' dir='ltr'>sum</span> 
     </span>
     <span class='ocr_line' id='line_1_4' title="bbox 129 981 1670 1033; baseline 0.005 -14"><span class='ocrx_word' id='word_1_18' title='bbox 129 994 238 1019; x_wconf 87' lang='lat' dir='ltr'>anno</span> <span class='ocrx_word' id='word_1_19' title='bbox 276 983 397 1022; x_wconf 82' lang='lat'>1886.</span> <span class='ocrx_word' id='word_1_20' title='bbox 426 995 476 1022; x_wconf 89' lang='lat' dir='ltr'>m.</span> <span class='ocrx_word' id='word_1_21' title='bbox 500 981 660 1033; x_wconf 87' lang='lat' dir='ltr'><strong>Aprilis</strong></span> <span class='ocrx_word' id='word_1_22' title='bbox 695 982 731 1022; x_wconf 89' lang='lat' dir='ltr'>d.</span> <span class='ocrx_word' id='word_1_23' title='bbox 761 986 822 1022; x_wconf 86' lang='lat'>19.</span> <span class='ocrx_word' id='word_1_24' title='bbox 845 984 885 1022; x_wconf 90' lang='lat' dir='ltr'>in</span> <span class='ocrx_word' id='word_1_25' title='bbox 919 985 1010 1023; x_wconf 87' lang='lat' dir='ltr'>vico</span> <span class='ocrx_word' id='word_1_26' title='bbox 1046 982 1423 1027; x_wconf 81' lang='lat' dir='ltr'>Gross-Schoenau</span> <span class='ocrx_word' id='word_1_27' title='bbox 1459 986 1670 1027; x_wconf 83' lang='lat' dir='ltr'>Saxonum</span> 
     </span>
     <span class='ocr_line' id='line_1_5' title="bbox 129 1050 1672 1106; baseline 0.005 -17"><span class='ocrx_word' id='word_1_28' title='bbox 129 1050 330 1090; x_wconf 89' lang='lat' dir='ltr'>Lusatiae</span> <span class='ocrx_word' id='word_1_29' title='bbox 363 1052 401 1090; x_wconf 93' lang='lat' dir='ltr'>in</span> <span class='ocrx_word' id='word_1_30' title='bbox 439 1065 487 1090; x_wconf 92' lang='lat' dir='ltr'>ea</span> <span class='ocrx_word' id='word_1_31' title='bbox 520 1059 638 1103; x_wconf 90' lang='lat' dir='ltr'>parte</span> <span class='ocrx_word' id='word_1_32' title='bbox 678 1054 757 1092; x_wconf 91' lang='lat' dir='ltr'>sito</span> <span class='ocrx_word' id='word_1_33' title='bbox 792 1067 898 1105; x_wconf 88' lang='lat' dir='ltr'>quae</span> <span class='ocrx_word' id='word_1_34' title='bbox 931 1068 1061 1106; x_wconf 88' lang='lat' dir='ltr'>prope</span> <span class='ocrx_word' id='word_1_35' title='bbox 1095 1061 1157 1094; x_wconf 87' lang='lat' dir='ltr'>est</span> <span class='ocrx_word' id='word_1_36' title='bbox 1190 1070 1213 1095; x_wconf 86' lang='lat' dir='ltr'>a</span> <span class='ocrx_word' id='word_1_37' title='bbox 1245 1055 1395 1095; x_wconf 87' lang='lat' dir='ltr'>finibus</span> <span class='ocrx_word' id='word_1_38' title='bbox 1429 1056 1672 1099; x_wconf 86' lang='lat' dir='ltr'>Bohemiae.</span> 
     </span>
     <span class='ocr_line' id='line_1_6' title="bbox 127 1119 1671 1174; baseline 0.005 -15"><span class='ocrx_word' id='word_1_39' title='bbox 127 1119 257 1159; x_wconf 87' lang='lat' dir='ltr'>Pater</span> <span class='ocrx_word' id='word_1_40' title='bbox 295 1122 364 1172; x_wconf 91' lang='lat' dir='ltr'>qui</span> <span class='ocrx_word' id='word_1_41' title='bbox 404 1122 517 1161; x_wconf 91' lang='lat' dir='ltr'>nullo</span> <span class='ocrx_word' id='word_1_42' title='bbox 550 1122 637 1161; x_wconf 78' lang='lat' dir='ltr'>fere</span> <span class='ocrx_word' id='word_1_43' title='bbox 674 1137 853 1174; x_wconf 90' lang='lat' dir='ltr'>unquam</span> <span class='ocrx_word' id='word_1_44' title='bbox 894 1130 981 1163; x_wconf 87' lang='lat' dir='ltr'>erat</span> <span class='ocrx_word' id='word_1_45' title='bbox 1015 1124 1160 1164; x_wconf 92' lang='lat' dir='ltr'>morbo</span> <span class='ocrx_word' id='word_1_46' title='bbox 1196 1125 1387 1166; x_wconf 82' lang='lat' dir='ltr'>adfectus</span> <span class='ocrx_word' id='word_1_47' title='bbox 1420 1126 1535 1174; x_wconf 77' lang='lat' dir='ltr'>feriis</span> <span class='ocrx_word' id='word_1_48' title='bbox 1570 1127 1671 1168; x_wconf 82' lang='lat' dir='ltr'>Sex-</span> 
     </span>
     <span class='ocr_line' id='line_1_7' title="bbox 128 1189 1672 1249; baseline 0.005 -20"><span class='ocrx_word' id='word_1_49' title='bbox 128 1189 269 1230; x_wconf 86' lang='lat' dir='ltr'>tilibus</span> <span class='ocrx_word' id='word_1_50' title='bbox 304 1192 399 1230; x_wconf 87' lang='lat' dir='ltr'>anni</span> <span class='ocrx_word' id='word_1_51' title='bbox 437 1194 559 1231; x_wconf 79' lang='grc'><strong>1892.</strong></span> <span class='ocrx_word' id='word_1_52' title='bbox 593 1191 730 1231; x_wconf 86' lang='lat' dir='ltr'>subito</span> <span class='ocrx_word' id='word_1_53' title='bbox 767 1200 906 1232; x_wconf 91' lang='lat' dir='ltr'>mente</span> <span class='ocrx_word' id='word_1_54' title='bbox 939 1196 1109 1233; x_wconf 75' lang='lat' dir='ltr'>vesania</span> <span class='ocrx_word' id='word_1_55' title='bbox 1144 1202 1234 1235; x_wconf 88' lang='lat' dir='ltr'>atra</span> <span class='ocrx_word' id='word_1_56' title='bbox 1268 1195 1494 1236; x_wconf 85' lang='lat' dir='ltr'>obcaecata</span> <span class='ocrx_word' id='word_1_57' title='bbox 1527 1199 1672 1249; x_wconf 83' lang='lat' dir='ltr'>paucis</span> 
     </span>
     <span class='ocr_line' id='line_1_8' title="bbox 128 1260 1673 1317; baseline 0.005 -18"><span class='ocrx_word' id='word_1_58' title='bbox 128 1260 274 1300; x_wconf 89' lang='lat' dir='ltr'>diebus</span> <span class='ocrx_word' id='word_1_59' title='bbox 314 1262 496 1314; x_wconf 75' lang='lat' dir='ltr'>paralysi</span> <span class='ocrx_word' id='word_1_60' title='bbox 535 1264 798 1314; x_wconf 73' lang='lat' dir='ltr'>progressiva</span> <span class='ocrx_word' id='word_1_61' title='bbox 840 1264 1112 1304; x_wconf 88' lang='lat' dir='ltr'>conturbatus</span> <span class='ocrx_word' id='word_1_62' title='bbox 1146 1265 1411 1317; x_wconf 88' lang='lat' dir='ltr'>rapidissima</span> <span class='ocrx_word' id='word_1_63' title='bbox 1443 1274 1576 1307; x_wconf 90' lang='lat' dir='ltr'>morte</span> <span class='ocrx_word' id='word_1_64' title='bbox 1611 1275 1673 1307; x_wconf 89' lang='lat' dir='ltr'>est</span> 
     </span>
     <span class='ocr_line' id='line_1_9' title="bbox 127 1331 1671 1383; baseline 0.005 -13"><span class='ocrx_word' id='word_1_65' title='bbox 127 1339 271 1383; x_wconf 87' lang='lat' dir='ltr'>raptus</span> <span class='ocrx_word' id='word_1_66' title='bbox 304 1331 504 1371; x_wconf 81' lang='lat' dir='ltr'>fratribus</span> <span class='ocrx_word' id='word_1_67' title='bbox 540 1331 659 1372; x_wconf 91' lang='lat' dir='ltr'>nobis</span> <span class='ocrx_word' id='word_1_68' title='bbox 694 1346 765 1372; x_wconf 80' lang='lat' dir='ltr'>sex</span> <span class='ocrx_word' id='word_1_69' title='bbox 799 1340 838 1372; x_wconf 89' lang='lat' dir='ltr'>et</span> <span class='ocrx_word' id='word_1_70' title='bbox 871 1333 1049 1373; x_wconf 87' lang='lat' dir='ltr'>duorum</span> <span class='ocrx_word' id='word_1_71' title='bbox 1082 1349 1283 1375; x_wconf 87' lang='lat' dir='ltr'>annorum</span> <span class='ocrx_word' id='word_1_72' title='bbox 1320 1337 1485 1377; x_wconf 85' lang='lat' dir='ltr'>relictis.</span> <span class='ocrx_word' id='word_1_73' title='bbox 1525 1337 1671 1377; x_wconf 87' lang='lat' dir='ltr'>Matris</span> 
     </span>
     <span class='ocr_line' id='line_1_10' title="bbox 127 1401 1671 1458; baseline 0.005 -18"><span class='ocrx_word' id='word_1_74' title='bbox 127 1401 265 1440; x_wconf 86' lang='lat' dir='ltr'>adhuc</span> <span class='ocrx_word' id='word_1_75' title='bbox 310 1403 545 1454; x_wconf 73' lang='lat' dir='ltr'>superstitis</span> <span class='ocrx_word' id='word_1_76' title='bbox 592 1404 722 1442; x_wconf 90' lang='lat' dir='ltr'>amori</span> <span class='ocrx_word' id='word_1_77' title='bbox 769 1405 877 1442; x_wconf 85' lang='lat' dir='ltr'>curis</span> <span class='ocrx_word' id='word_1_78' title='bbox 924 1403 1055 1443; x_wconf 90' lang='lat' dir='ltr'>labori</span> <span class='ocrx_word' id='word_1_79' title='bbox 1097 1404 1229 1445; x_wconf 83' lang='lat' dir='ltr'>debeo</span> <span class='ocrx_word' id='word_1_80' title='bbox 1271 1419 1378 1445; x_wconf 89' lang='lat' dir='ltr'>nunc</span> <span class='ocrx_word' id='word_1_81' title='bbox 1418 1406 1531 1458; x_wconf 89' lang='lat' dir='ltr'>quod</span> <span class='ocrx_word' id='word_1_82' title='bbox 1570 1421 1671 1447; x_wconf 92' lang='lat' dir='ltr'>sum.</span> 
     </span>
     <span class='ocr_line' id='line_1_11' title="bbox 126 1471 1669 1525; baseline 0.003 -14"><span class='ocrx_word' id='word_1_83' title='bbox 126 1471 296 1511; x_wconf 75' lang='lat' dir='ltr'>Patriae</span> <span class='ocrx_word' id='word_1_84' title='bbox 336 1474 590 1512; x_wconf 87' lang='lat' dir='ltr'>amoenitate</span> <span class='ocrx_word' id='word_1_85' title='bbox 631 1473 690 1511; x_wconf 90' lang='lat' dir='ltr'>uti</span> <span class='ocrx_word' id='word_1_86' title='bbox 730 1487 859 1525; x_wconf 90' lang='lat' dir='ltr'>puero</span> <span class='ocrx_word' id='word_1_87' title='bbox 898 1488 973 1525; x_wconf 89' lang='lat' dir='ltr'>per</span> <span class='ocrx_word' id='word_1_88' title='bbox 1012 1474 1205 1514; x_wconf 77' lang='lat' dir='ltr'>undecim</span> <span class='ocrx_word' id='word_1_89' title='bbox 1245 1489 1376 1515; x_wconf 79' lang='lat' dir='ltr'>annos</span> <span class='ocrx_word' id='word_1_90' title='bbox 1416 1477 1542 1516; x_wconf 88' lang='lat' dir='ltr'>licuit.</span> <span class='ocrx_word' id='word_1_91' title='bbox 1605 1477 1669 1516; x_wconf 88' lang='lat' dir='ltr'>Ibi</span> 
     </span>
     <span class='ocr_line' id='line_1_12' title="bbox 127 1542 1671 1598; baseline 0.003 -17"><span class='ocrx_word' id='word_1_92' title='bbox 127 1543 251 1581; x_wconf 89' lang='lat' dir='ltr'>etiam</span> <span class='ocrx_word' id='word_1_93' title='bbox 291 1543 434 1594; x_wconf 90' lang='lat' dir='ltr'>primis</span> <span class='ocrx_word' id='word_1_94' title='bbox 475 1542 722 1582; x_wconf 87' lang='lat' dir='ltr'>eruditionis</span> <span class='ocrx_word' id='word_1_95' title='bbox 762 1544 977 1583; x_wconf 87' lang='lat' dir='ltr'>elementis</span> <span class='ocrx_word' id='word_1_96' title='bbox 1016 1545 1243 1584; x_wconf 89' lang='lat' dir='ltr'>instructus</span> <span class='ocrx_word' id='word_1_97' title='bbox 1283 1559 1371 1585; x_wconf 93' lang='lat' dir='ltr'>sum</span> <span class='ocrx_word' id='word_1_98' title='bbox 1407 1560 1429 1585; x_wconf 85' lang='lat' dir='ltr'>a</span> <span class='ocrx_word' id='word_1_99' title='bbox 1462 1548 1671 1598; x_wconf 79' lang='lat' dir='ltr'>magistris</span> 
     </span>
     <span class='ocr_line' id='line_1_13' title="bbox 126 1613 1671 1668; baseline 0.003 -17"><span class='ocrx_word' id='word_1_100' title='bbox 126 1618 347 1664; x_wconf 71' lang='lat' dir='ltr'>separatae</span> <span class='ocrx_word' id='word_1_101' title='bbox 381 1613 596 1652; x_wconf 88' lang='lat' dir='ltr'>cuiusdam</span> <span class='ocrx_word' id='word_1_102' title='bbox 633 1613 801 1653; x_wconf 85' lang='lat' dir='ltr'>scholae</span> <span class='ocrx_word' id='word_1_103' title='bbox 836 1628 941 1665; x_wconf 88' lang='lat' dir='ltr'>quae</span> <span class='ocrx_word' id='word_1_104' title='bbox 976 1615 1131 1654; x_wconf 84' lang='lat' dir='ltr'>selecta</span> <span class='ocrx_word' id='word_1_105' title='bbox 1160 1622 1344 1656; x_wconf 87' lang='lat' dir='ltr'>vocatur.</span> <span class='ocrx_word' id='word_1_106' title='bbox 1388 1615 1541 1655; x_wconf 88' lang='lat' dir='ltr'>Latina</span> <span class='ocrx_word' id='word_1_107' title='bbox 1571 1630 1671 1668; x_wconf 89' lang='lat' dir='ltr'>quo-</span> 
     </span>
     <span class='ocr_line' id='line_1_14' title="bbox 126 1683 1671 1738; baseline 0.003 -17"><span class='ocrx_word' id='word_1_108' title='bbox 126 1696 205 1734; x_wconf 89' lang='lat' dir='ltr'>que</span> <span class='ocrx_word' id='word_1_109' title='bbox 241 1683 381 1734; x_wconf 87' lang='lat' dir='ltr'>lingna</span> <span class='ocrx_word' id='word_1_110' title='bbox 412 1684 640 1723; x_wconf 87' lang='lat' dir='ltr'>instructus</span> <span class='ocrx_word' id='word_1_111' title='bbox 674 1697 783 1722; x_wconf 89' lang='lat' dir='ltr'>anno</span> <span class='ocrx_word' id='word_1_112' title='bbox 821 1686 943 1725; x_wconf 81' lang='grc'><strong>1897.</strong></span> <span class='ocrx_word' id='word_1_113' title='bbox 976 1698 1027 1724; x_wconf 90' lang='grc'><strong>111.</strong></span> <span class='ocrx_word' id='word_1_114' title='bbox 1051 1684 1233 1736; x_wconf 85' lang='lat' dir='ltr'>Augusti</span> <span class='ocrx_word' id='word_1_115' title='bbox 1259 1685 1294 1724; x_wconf 86' lang='lat' dir='ltr'>d.</span> <span class='ocrx_word' id='word_1_116' title='bbox 1324 1688 1384 1726; x_wconf 89' lang='grc'><strong>16.</strong></span> <span class='ocrx_word' id='word_1_117' title='bbox 1408 1687 1447 1724; x_wconf 89' lang='grc'>10</span> <span class='ocrx_word' id='word_1_118' title='bbox 1483 1687 1671 1738; x_wconf 84' lang='lat' dir='ltr'>quintam</span> 
     </span>
     <span class='ocr_line' id='line_1_15' title="bbox 126 1753 1673 1807; baseline 0.003 -16"><span class='ocrx_word' id='word_1_119' title='bbox 126 1753 300 1792; x_wconf 76' lang='lat' dir='ltr'>classem</span> <span class='ocrx_word' id='word_1_120' title='bbox 360 1754 564 1805; x_wconf 83' lang='lat' dir='ltr'>gymnasii</span> <span class='ocrx_word' id='word_1_121' title='bbox 623 1753 892 1793; x_wconf 86' lang='lat' dir='ltr'>Zittaviensis</span> <span class='ocrx_word' id='word_1_122' title='bbox 951 1756 1120 1805; x_wconf 74' lang='lat' dir='ltr'>intravi,</span> <span class='ocrx_word' id='word_1_123' title='bbox 1180 1754 1290 1807; x_wconf 84' lang='lat' dir='ltr'>quod</span> <span class='ocrx_word' id='word_1_124' title='bbox 1350 1764 1435 1794; x_wconf 86' lang='lat' dir='ltr'>tum</span> <span class='ocrx_word' id='word_1_125' title='bbox 1495 1755 1673 1795; x_wconf 86' lang='lat' dir='ltr'>florebat</span> 
     </span>
     <span class='ocr_line' id='line_1_16' title="bbox 124 1822 1671 1876; baseline 0.002 -15"><span class='ocrx_word' id='word_1_126' title='bbox 124 1830 288 1862; x_wconf 85' lang='lat' dir='ltr'>rectore</span> <span class='ocrx_word' id='word_1_127' title='bbox 334 1822 542 1862; x_wconf 83' lang='lat' dir='ltr'>Konrado</span> <span class='ocrx_word' id='word_1_128' title='bbox 590 1822 815 1875; x_wconf 83' lang='lat' dir='ltr'>Seeligero.</span> <span class='ocrx_word' id='word_1_129' title='bbox 885 1822 967 1876; x_wconf 77' lang='lat' dir='ltr'>Qui</span> <span class='ocrx_word' id='word_1_130' title='bbox 1007 1824 1106 1863; x_wconf 91' lang='lat' dir='ltr'>mihi</span> <span class='ocrx_word' id='word_1_131' title='bbox 1150 1838 1316 1876; x_wconf 90' lang='lat' dir='ltr'>quoque</span> <span class='ocrx_word' id='word_1_132' title='bbox 1355 1825 1496 1864; x_wconf 86' lang='lat' dir='ltr'>fautor</span> <span class='ocrx_word' id='word_1_133' title='bbox 1535 1827 1671 1865; x_wconf 81' lang='lat' dir='ltr'>extitit</span> 
     </span>
     <span class='ocr_line' id='line_1_17' title="bbox 127 1892 1670 1946; baseline 0.003 -16"><span class='ocrx_word' id='word_1_134' title='bbox 127 1892 544 1933; x_wconf 87' lang='lat' dir='ltr'>benevolentissimus</span> <span class='ocrx_word' id='word_1_135' title='bbox 573 1907 822 1946; x_wconf 86' lang='lat' dir='ltr'>semperque</span> <span class='ocrx_word' id='word_1_136' title='bbox 850 1908 941 1933; x_wconf 90' lang='lat' dir='ltr'>eum</span> <span class='ocrx_word' id='word_1_137' title='bbox 970 1895 1038 1946; x_wconf 92' lang='lat' dir='ltr'>pio</span> <span class='ocrx_word' id='word_1_138' title='bbox 1067 1900 1192 1946; x_wconf 86' lang='lat' dir='ltr'>atque</span> <span class='ocrx_word' id='word_1_139' title='bbox 1218 1902 1337 1945; x_wconf 86' lang='lat' dir='ltr'>grato</span> <span class='ocrx_word' id='word_1_140' title='bbox 1362 1896 1500 1934; x_wconf 88' lang='lat' dir='ltr'>animo</span> <span class='ocrx_word' id='word_1_141' title='bbox 1525 1897 1670 1936; x_wconf 84' lang='lat' dir='ltr'>colam.</span> 
     </span>
     <span class='ocr_line' id='line_1_18' title="bbox 125 1962 1672 2017; baseline 0.002 -15"><span class='ocrx_word' id='word_1_142' title='bbox 125 1962 264 2003; x_wconf 75' lang='lat' dir='ltr'>Ceteri</span> <span class='ocrx_word' id='word_1_143' title='bbox 301 1977 466 2015; x_wconf 92' lang='lat' dir='ltr'>quoque</span> <span class='ocrx_word' id='word_1_144' title='bbox 500 1965 706 2015; x_wconf 62' lang='lat' dir='ltr'>magistri,</span> <span class='ocrx_word' id='word_1_145' title='bbox 740 1978 823 2016; x_wconf 87' lang='lat' dir='ltr'>qua</span> <span class='ocrx_word' id='word_1_146' title='bbox 854 1964 1011 2003; x_wconf 87' lang='lat' dir='ltr'>fuerint</span> <span class='ocrx_word' id='word_1_147' title='bbox 1042 1966 1082 2003; x_wconf 92' lang='lat' dir='ltr'>in</span> <span class='ocrx_word' id='word_1_148' title='bbox 1117 1978 1181 2003; x_wconf 86' lang='grc'><strong>1110</strong></span> <span class='ocrx_word' id='word_1_149' title='bbox 1217 1963 1473 2016; x_wconf 88' lang='lat' dir='ltr'>benignitate</span> <span class='ocrx_word' id='word_1_150' title='bbox 1508 1979 1672 2017; x_wconf 85' lang='lat' dir='ltr'>semper</span> 
     </span>
     <span class='ocr_line' id='line_1_19' title="bbox 123 2034 1670 2086; baseline 0.001 -14"><span class='ocrx_word' id='word_1_151' title='bbox 123 2047 284 2072; x_wconf 86' lang='lat' dir='ltr'>memor</span> <span class='ocrx_word' id='word_1_152' title='bbox 316 2035 394 2073; x_wconf 89' lang='lat' dir='ltr'>erit</span> <span class='ocrx_word' id='word_1_153' title='bbox 428 2035 589 2073; x_wconf 88' lang='lat' dir='ltr'>animus</span> <span class='ocrx_word' id='word_1_154' title='bbox 625 2048 701 2073; x_wconf 89' lang='lat' dir='ltr'>nec</span> <span class='ocrx_word' id='word_1_155' title='bbox 730 2048 809 2073; x_wconf 92' lang='lat' dir='ltr'>non</span> <span class='ocrx_word' id='word_1_156' title='bbox 839 2041 1040 2086; x_wconf 88' lang='lat' dir='ltr'>quantum</span> <span class='ocrx_word' id='word_1_157' title='bbox 1068 2048 1143 2086; x_wconf 89' lang='lat' dir='ltr'>pro</span> <span class='ocrx_word' id='word_1_158' title='bbox 1173 2048 1248 2073; x_wconf 87' lang='lat' dir='ltr'>sua</span> <span class='ocrx_word' id='word_1_159' title='bbox 1277 2036 1452 2086; x_wconf 87' lang='lat' dir='ltr'>quisque</span> <span class='ocrx_word' id='word_1_160' title='bbox 1481 2034 1670 2074; x_wconf 86' lang='lat' dir='ltr'>doctrina</span> 
     </span>
     <span class='ocr_line' id='line_1_20' title="bbox 124 2102 1671 2156; baseline 0.001 -14"><span class='ocrx_word' id='word_1_161' title='bbox 124 2117 217 2143; x_wconf 84' lang='lat' dir='ltr'>mea</span> <span class='ocrx_word' id='word_1_162' title='bbox 246 2103 386 2143; x_wconf 85' lang='lat' dir='ltr'>studia</span> <span class='ocrx_word' id='word_1_163' title='bbox 414 2105 662 2156; x_wconf 78' lang='lat' dir='ltr'>provexerit.</span> <span class='ocrx_word' id='word_1_164' title='bbox 722 2103 832 2144; x_wconf 83' lang='lat' dir='ltr'>Sane</span> <span class='ocrx_word' id='word_1_165' title='bbox 857 2103 1070 2143; x_wconf 86' lang='lat' dir='ltr'>Theodori</span> <span class='ocrx_word' id='word_1_166' title='bbox 1095 2102 1293 2144; x_wconf 67' lang='lat' dir='ltr'>Gartneri</span> <span class='ocrx_word' id='word_1_167' title='bbox 1318 2103 1489 2143; x_wconf 87' lang='lat' dir='ltr'>Aemilii</span> <span class='ocrx_word' id='word_1_168' title='bbox 1514 2104 1671 2144; x_wconf 84' lang='lat' dir='ltr'>Kochii</span> 
     </span>
     <span class='ocr_line' id='line_1_21' title="bbox 123 2172 1670 2226; baseline 0.001 -14"><span class='ocrx_word' id='word_1_169' title='bbox 123 2172 301 2213; x_wconf 83' lang='lat' dir='ltr'>Roberti</span> <span class='ocrx_word' id='word_1_170' title='bbox 318 2173 589 2226; x_wconf 86' lang='lat' dir='ltr'>Lamprechti</span> <span class='ocrx_word' id='word_1_171' title='bbox 606 2174 843 2214; x_wconf 88' lang='lat' dir='ltr'>scholarum</span> <span class='ocrx_word' id='word_1_172' title='bbox 858 2175 1060 2214; x_wconf 82' lang='lat' dir='ltr'>memoria</span> <span class='ocrx_word' id='word_1_173' title='bbox 1076 2187 1288 2225; x_wconf 87' lang='lat' dir='ltr'>nunquam</span> <span class='ocrx_word' id='word_1_174' title='bbox 1305 2175 1459 2226; x_wconf 87' lang='lat' dir='ltr'>poterit</span> <span class='ocrx_word' id='word_1_175' title='bbox 1475 2176 1670 2225; x_wconf 80' lang='lat' dir='ltr'>extingui.</span> 
     </span>
     <span class='ocr_line' id='line_1_22' title="bbox 123 2244 1669 2297; baseline -0.001 -13"><span class='ocrx_word' id='word_1_176' title='bbox 123 2245 335 2297; x_wconf 82' lang='lat' dir='ltr'>Imprimis</span> <span class='ocrx_word' id='word_1_177' title='bbox 369 2251 510 2284; x_wconf 84' lang='lat' dir='ltr'>autem</span> <span class='ocrx_word' id='word_1_178' title='bbox 544 2250 745 2296; x_wconf 90' lang='lat' dir='ltr'>quantum</span> <span class='ocrx_word' id='word_1_179' title='bbox 779 2244 940 2284; x_wconf 83' lang='lat' dir='ltr'>fructus</span> <span class='ocrx_word' id='word_1_180' title='bbox 975 2244 1255 2296; x_wconf 85' lang='lat' dir='ltr'>decerpserim</span> <span class='ocrx_word' id='word_1_181' title='bbox 1291 2258 1340 2283; x_wconf 84' lang='lat' dir='ltr'>ex</span> <span class='ocrx_word' id='word_1_182' title='bbox 1374 2244 1526 2283; x_wconf 89' lang='lat' dir='ltr'>scholis</span> <span class='ocrx_word' id='word_1_183' title='bbox 1562 2244 1669 2284; x_wconf 74' lang='lat' dir='ltr'>Erici</span> 
     </span>
     <span class='ocr_line' id='line_1_23' title="bbox 126 2314 1670 2366; baseline -0.001 -12"><span class='ocrx_word' id='word_1_184' title='bbox 126 2314 304 2354; x_wconf 86' lang='lat' dir='ltr'>Wilisch</span> <span class='ocrx_word' id='word_1_185' title='bbox 332 2316 409 2354; x_wconf 90' lang='lat' dir='ltr'>viri</span> <span class='ocrx_word' id='word_1_186' title='bbox 436 2314 668 2354; x_wconf 76' lang='lat' dir='ltr'>doctissimi</span> <span class='ocrx_word' id='word_1_187' title='bbox 695 2328 907 2366; x_wconf 87' lang='lat' dir='ltr'>nunquam</span> <span class='ocrx_word' id='word_1_188' title='bbox 932 2314 1119 2354; x_wconf 85' lang='lat' dir='ltr'>desinam</span> <span class='ocrx_word' id='word_1_189' title='bbox 1145 2315 1353 2353; x_wconf 89' lang='lat' dir='ltr'>reminisci</span> <span class='ocrx_word' id='word_1_190' title='bbox 1378 2315 1531 2366; x_wconf 86' lang='lat' dir='ltr'>quippe</span> <span class='ocrx_word' id='word_1_191' title='bbox 1555 2316 1670 2354; x_wconf 89' lang='lat' dir='ltr'>cuius</span> 
     </span>
     <span class='ocr_line' id='line_1_24' title="bbox 123 2385 1670 2436; baseline -0.001 -12"><span class='ocrx_word' id='word_1_192' title='bbox 123 2385 317 2434; x_wconf 78' lang='lat' dir='ltr'>doctrina</span> <span class='ocrx_word' id='word_1_193' title='bbox 338 2392 379 2424; x_wconf 91' lang='lat' dir='ltr'>et</span> <span class='ocrx_word' id='word_1_194' title='bbox 400 2392 487 2424; x_wconf 88' lang='lat' dir='ltr'>arte</span> <span class='ocrx_word' id='word_1_195' title='bbox 507 2386 732 2436; x_wconf 88' lang='lat' dir='ltr'>scriptores</span> <span class='ocrx_word' id='word_1_196' title='bbox 752 2386 911 2436; x_wconf 88' lang='lat' dir='ltr'>antiqui</span> <span class='ocrx_word' id='word_1_197' title='bbox 932 2386 1049 2436; x_wconf 86' lang='lat' dir='ltr'>quasi</span> <span class='ocrx_word' id='word_1_198' title='bbox 1069 2385 1365 2423; x_wconf 85' lang='lat' dir='ltr'>reviviscerent</span> <span class='ocrx_word' id='word_1_199' title='bbox 1384 2390 1423 2423; x_wconf 91' lang='lat' dir='ltr'>et</span> <span class='ocrx_word' id='word_1_200' title='bbox 1442 2385 1509 2436; x_wconf 92' lang='lat' dir='ltr'>qui</span> <span class='ocrx_word' id='word_1_201' title='bbox 1530 2398 1670 2423; x_wconf 89' lang='lat' dir='ltr'>veram</span> 
     </span>
     <span class='ocr_line' id='line_1_25' title="bbox 124 2454 1669 2507; baseline -0.001 -13"><span class='ocrx_word' id='word_1_202' title='bbox 124 2456 188 2494; x_wconf 92' lang='grc'><strong>0111</strong></span> <span class='ocrx_word' id='word_1_203' title='bbox 222 2457 311 2507; x_wconf 90' lang='lat' dir='ltr'>ipse</span> <span class='ocrx_word' id='word_1_204' title='bbox 345 2461 456 2494; x_wconf 87' lang='lat' dir='ltr'>totus</span> <span class='ocrx_word' id='word_1_205' title='bbox 491 2461 580 2494; x_wconf 87' lang='lat' dir='ltr'>erat</span> <span class='ocrx_word' id='word_1_206' title='bbox 614 2454 779 2494; x_wconf 90' lang='lat' dir='ltr'>deditus</span> <span class='ocrx_word' id='word_1_207' title='bbox 814 2455 1117 2494; x_wconf 81' lang='lat' dir='ltr'>humanitatem</span> <span class='ocrx_word' id='word_1_208' title='bbox 1158 2456 1289 2506; x_wconf 85' lang='lat' dir='ltr'>ipsam</span> <span class='ocrx_word' id='word_1_209' title='bbox 1324 2462 1537 2505; x_wconf 88' lang='lat' dir='ltr'>praestare</span> <span class='ocrx_word' id='word_1_210' title='bbox 1571 2454 1669 2493; x_wconf 90' lang='lat' dir='ltr'>mihi</span> 
     </span>
     <span class='ocr_line' id='line_1_26' title="bbox 122 2523 1670 2576; baseline -0.001 -12"><span class='ocrx_word' id='word_1_211' title='bbox 122 2525 346 2566; x_wconf 87' lang='lat' dir='ltr'>videretur.</span> <span class='ocrx_word' id='word_1_212' title='bbox 400 2525 511 2564; x_wconf 79' lang='lat' dir='ltr'>Vere</span> <span class='ocrx_word' id='word_1_213' title='bbox 557 2526 654 2564; x_wconf 90' lang='lat' dir='ltr'>anni</span> <span class='ocrx_word' id='word_1_214' title='bbox 705 2527 825 2564; x_wconf 80' lang='lat'>1905.</span> <span class='ocrx_word' id='word_1_215' title='bbox 865 2525 1118 2563; x_wconf 85' lang='lat' dir='ltr'>maturitatis</span> <span class='ocrx_word' id='word_1_216' title='bbox 1164 2525 1447 2563; x_wconf 88' lang='lat' dir='ltr'>testimonium</span> <span class='ocrx_word' id='word_1_217' title='bbox 1493 2523 1670 2576; x_wconf 86' lang='lat' dir='ltr'>adeptus</span> 
     </span>
     <span class='ocr_line' id='line_1_27' title="bbox 123 2593 1670 2647; baseline -0.001 -12"><span class='ocrx_word' id='word_1_218' title='bbox 123 2594 312 2647; x_wconf 87' lang='lat' dir='ltr'>Lipsiam</span> <span class='ocrx_word' id='word_1_219' title='bbox 335 2609 400 2634; x_wconf 89' lang='lat' dir='ltr'>me</span> <span class='ocrx_word' id='word_1_220' title='bbox 425 2595 593 2645; x_wconf 75' lang='lat' dir='ltr'>contuli,</span> <span class='ocrx_word' id='word_1_221' title='bbox 618 2602 662 2634; x_wconf 90' lang='lat' dir='ltr'>ut</span> <span class='ocrx_word' id='word_1_222' title='bbox 686 2596 947 2646; x_wconf 86' lang='lat' dir='ltr'>antiquitatis</span> <span class='ocrx_word' id='word_1_223' title='bbox 973 2593 1120 2634; x_wconf 86' lang='lat' dir='ltr'>studiis</span> <span class='ocrx_word' id='word_1_224' title='bbox 1146 2608 1209 2633; x_wconf 93' lang='lat' dir='ltr'>me</span> <span class='ocrx_word' id='word_1_225' title='bbox 1234 2594 1389 2634; x_wconf 88' lang='lat' dir='ltr'>darem.</span> <span class='ocrx_word' id='word_1_226' title='bbox 1424 2593 1670 2634; x_wconf 88' lang='lat' dir='ltr'>Docuerunt</span> 
     </span>
     <span class='ocr_line' id='line_1_28' title="bbox 122 2662 1671 2719; baseline -0.001 -14"><span class='ocrx_word' id='word_1_227' title='bbox 122 2680 187 2705; x_wconf 91' lang='lat' dir='ltr'>me</span> <span class='ocrx_word' id='word_1_228' title='bbox 212 2665 262 2704; x_wconf 90' lang='lat' dir='ltr'>de</span> <span class='ocrx_word' id='word_1_229' title='bbox 288 2664 459 2704; x_wconf 86' lang='lat' dir='ltr'>Bahder</span> <span class='ocrx_word' id='word_1_230' title='bbox 480 2664 614 2704; x_wconf 84' lang='lat' dir='ltr'>Barth</span> <span class='ocrx_word' id='word_1_231' title='bbox 642 2664 776 2704; x_wconf 85' lang='lat' dir='ltr'>Bethe</span> <span class='ocrx_word' id='word_1_232' title='bbox 798 2664 1043 2715; x_wconf 86' lang='lat' dir='ltr'>Brugmann</span> <span class='ocrx_word' id='word_1_233' title='bbox 1069 2662 1367 2704; x_wconf 83' lang='lat' dir='ltr'>Gardthausen</span> <span class='ocrx_word' id='word_1_234' title='bbox 1393 2664 1445 2703; x_wconf 90' lang='lat' dir='ltr'>M.</span> <span class='ocrx_word' id='word_1_235' title='bbox 1463 2662 1671 2719; x_wconf 79' lang='lat' dir='ltr'>Heinze†</span> 
     </span>
     <span class='ocr_line' id='line_1_29' title="bbox 122 2733 1670 2775; baseline -0.002 0"><span class='ocrx_word' id='word_1_236' title='bbox 122 2735 351 2775; x_wconf 83' lang='lat' dir='ltr'>R.Heinze</span> <span class='ocrx_word' id='word_1_237' title='bbox 380 2734 478 2774; x_wconf 83' lang='lat' dir='ltr'>Hirt</span> <span class='ocrx_word' id='word_1_238' title='bbox 507 2734 737 2774; x_wconf 78' lang='lat' dir='ltr'>Hoffmann</span> <span class='ocrx_word' id='word_1_239' title='bbox 768 2734 985 2774; x_wconf 83' lang='lat' dir='ltr'>Hofmann</span> <span class='ocrx_word' id='word_1_240' title='bbox 1016 2734 1126 2773; x_wconf 89' lang='lat' dir='ltr'>Holz</span> <span class='ocrx_word' id='word_1_241' title='bbox 1154 2733 1311 2773; x_wconf 76' lang='lat' dir='ltr'>lhmels</span> <span class='ocrx_word' id='word_1_242' title='bbox 1336 2733 1533 2773; x_wconf 87' lang='lat' dir='ltr'>Immisch</span> <span class='ocrx_word' id='word_1_243' title='bbox 1563 2748 1670 2773; x_wconf 89' lang='lat' dir='ltr'>nunc</span> 
     </span>
     <span class='ocr_line' id='line_1_30' title="bbox 123 2802 1671 2856; baseline -0.001 -12"><span class='ocrx_word' id='word_1_244' title='bbox 123 2803 336 2845; x_wconf 85' lang='lat' dir='ltr'>Gissensis</span> <span class='ocrx_word' id='word_1_245' title='bbox 351 2804 595 2856; x_wconf 82' lang='lat' dir='ltr'>Jungmann</span> <span class='ocrx_word' id='word_1_246' title='bbox 620 2804 728 2843; x_wconf 86' lang='lat' dir='ltr'>Kirn</span> <span class='ocrx_word' id='word_1_247' title='bbox 752 2804 886 2843; x_wconf 86' lang='lat' dir='ltr'>Kittel</span> <span class='ocrx_word' id='word_1_248' title='bbox 909 2803 1069 2843; x_wconf 68' lang='lat' dir='ltr'>Koster</span> <span class='ocrx_word' id='word_1_249' title='bbox 1090 2802 1345 2855; x_wconf 85' lang='lat' dir='ltr'>Lamprecht</span> <span class='ocrx_word' id='word_1_250' title='bbox 1364 2803 1532 2855; x_wconf 87' lang='lat' dir='ltr'>Lipsius</span> <span class='ocrx_word' id='word_1_251' title='bbox 1552 2803 1671 2843; x_wconf 77' lang='lat' dir='ltr'>Marx</span> 
     </span>
     <span class='ocr_line' id='line_1_31' title="bbox 124 2872 1671 2915; baseline -0.001 -1"><span class='ocrx_word' id='word_1_252' title='bbox 124 2889 233 2914; x_wconf 87' lang='grc'><strong>1111110</strong></span> <span class='ocrx_word' id='word_1_253' title='bbox 268 2874 505 2915; x_wconf 88' lang='grc'><strong>3001100818</strong></span> <span class='ocrx_word' id='word_1_254' title='bbox 540 2873 765 2915; x_wconf 86' lang='lat' dir='ltr'>Schreiber</span> <span class='ocrx_word' id='word_1_255' title='bbox 805 2872 957 2914; x_wconf 81' lang='lat' dir='ltr'>Schulz</span> <span class='ocrx_word' id='word_1_256' title='bbox 999 2872 1164 2914; x_wconf 86' lang='lat' dir='ltr'>Sievers</span> <span class='ocrx_word' id='word_1_257' title='bbox 1205 2872 1464 2913; x_wconf 77' lang='lat' dir='ltr'>Studniozka</span> <span class='ocrx_word' id='word_1_258' title='bbox 1497 2873 1671 2913; x_wconf 85' lang='lat' dir='ltr'>Volkelt</span> 
     </span>
    </p>
   </div>
  </div>
 </body>
</html>
