1944 3226
116 166 198 217 ΠΙ,
216 168 280 218 34,
295 169 362 206 48.
1612 174 1634 211 3
1645 175 1665 211 7

117 281 258 334 Quare
292 296 372 322 non
406 284 607 322 miramur
644 284 685 323 in
723 283 916 324 Vitruvio
952 285 1034 336 legi
1067 290 1107 325 et
1141 284 1264 325 Celso
1299 292 1339 325 et
1371 287 1551 326 maxime
1584 287 1665 327 fre-

117 358 318 404 quentare
353 353 578 404 scriptores
618 354 677 393 rei
712 355 1004 405 coquinariae:
1046 354 1096 394 cf.
1124 354 1305 407 Apicius
1331 359 1366 407 2,
1391 359 1444 396 50
1479 355 1664 397 Schuch:

120 421 276 472 „facias
304 427 350 462 ut
371 422 546 474 ferveat,
580 437 673 462 cum
702 422 810 463 bene
840 423 1090 475 bullierit‚
1124 426 1261 465 amolo
1294 425 1454 478 obligas
1491 428 1666 479 spisso·‘.

113 494 151 544 4,
181 493 274 543 119,
301 494 402 542 1453
427 495 464 543 8,
488 494 584 533 364.
630 492 682 532 In
708 495 892 533 carmine
919 508 1000 533 non
1025 493 1152 534 habet
1174 495 1324 537 locum.
1355 497 1461 548 epici
1484 497 1665 549 elatique

115 562 198 601 stili
247 563 472 614 scriptores
518 562 756 614 repudiant,
802 563 876 603 sed
923 570 1097 604 naturae
1143 567 1441 606 convenienter
1486 566 1664 607 dicendo

114 630 282 671 Persius
306 620 561 672 vivaciorem
585 632 717 672 efficit
748 634 973 686 imaginem
999 634 1112 686 (nam
1141 649 1248 684 „non
1272 635 1421 675 bullit“
1458 643 1519 676 est
1556 650 1662 687 „non

112 702 337 755 resurgit2‘)
367 716 491 754 quam
526 703 559 742 si
593 704 682 742 sine
717 704 856 743 colore
892 705 1129 756 scripsisset
1163 718 1256 744 cum
1285 704 1488 746 Cicerone
1523 706 1574 746 de
1597 706 1663 747 fin.

114 774 318 823 3‚14‚48
363 773 403 811 in
450 773 543 812 loco
591 774 723 813 nostri
763 774 974 814 simillimo
1015 775 1106 826 ipso
1147 789 1314 827 quoque
1354 776 1476 828 plane
1519 775 1663 818 Stoico

115 847 186 892 „ut
224 842 333 881 enim
377 838 447 895 q'ui
497 841 677 883 demersi
712 850 807 883 sunt
840 845 880 883 in
918 858 1027 896 aqua
1063 844 1192 885 nihilo
1236 847 1367 897 magis
1410 848 1662 899 respirare

109 918 286 964 possunt-
308 945 315 953 .
339 945 347 953 .
371 913 402 953 .“

227 996 380 1046 488qq.
426 994 508 1034 His
538 995 580 1034 in
611 994 798 1034 versibus
830 995 1059 1048 puerilibus
1088 997 1130 1036 in
1161 996 1447 1038 describendis
1479 998 1661 1039 Oblecta-

109 1065 258 1103 mentis
292 1078 455 1104 amasse
491 1071 679 1104 nostrum
721 1065 907 1105 videmus
950 1066 1151 1106 cotidiani
1188 1069 1390 1107 sermonis
1425 1070 1661 1109 inornatam

110 1133 433 1191 simplicitatem.
473 1132 614 1186 Quod,
644 1142 687 1174 ut
712 1149 792 1175 uno
818 1135 1038 1176 ostendam
1063 1138 1254 1189 exemplo
1278 1140 1506 1191 praecipuo
1530 1153 1564 1180 V.
1589 1143 1659 1180 51:

113 1202 295 1253 „buxum
329 1210 526 1257 torquere
560 1204 753 1257 flagello⁴‘
791 1205 959 1246 dicendi
992 1208 1199 1247 rationem
1234 1210 1445 1248 communi
1479 1209 1661 1262 quodam

108 1275 149 1313 in
186 1288 260 1313 usu
285 1280 409 1327 atque
436 1276 477 1314 in
504 1289 728 1327 puerorum
757 1275 1008 1316 Latinorum
1035 1291 1150 1317 more
1175 1284 1214 1317 et
1238 1292 1429 1319 sermone
1458 1294 1547 1319 esse
1570 1294 1660 1320 ver-

108 1350 240 1384 satam
271 1350 411 1397 potest
447 1344 738 1385 demonstrari.
792 1346 828 1386 Ε
861 1345 959 1386 buxi
989 1348 1098 1386 enim
1129 1347 1290 1388 arboris
1317 1349 1430 1401 ligno
1455 1350 1661 1390 eiusmodi

108 1414 337 1466 crepundia
370 1415 558 1468 aliasque
583 1429 649 1455 res
672 1417 855 1456 minutas
878 1417 1007 1456 veluti
1032 1419 1222 1470 pectines
1246 1418 1411 1459 tabulas
1440 1421 1659 1460 sorticulas

107 1482 225 1537 (CIL
254 1484 288 1526 Ι.
316 1488 415 1537 198,
438 1488 511 1537 51,
544 1500 582 1538 p.
613 1487 685 1538 61)
733 1486 858 1526 tibias
904 1493 1074 1527 tornare
1126 1487 1319 1528 solebant
1362 1489 1545 1530 Romani
1592 1491 1659 1533 [cf.

109 1552 349 1595 Stadlerum
394 1555 498 1596 thes.
522 1556 581 1608 H,
605 1557 681 1596 col.
713 1557 843 1611 2264)
884 1564 925 1598 et
957 1559 1176 1598 immutate
1222 1559 1302 1599 hoc
1342 1561 1508 1600 nomine
1546 1562 1658 1613 ipsas

106 1638 171 1664 res
200 1624 453 1680 denotare.1)
505 1626 644 1679 Igitur
676 1626 727 1667 ab
761 1628 880 1667 initio
905 1628 1204 1680 elegantiorem
1228 1631 1288 1669 rei
1312 1631 1490 1670 usitatae
1514 1645 1659 1671 vocem

106 1701 249 1735 nostro
296 1695 388 1736 loco
435 1710 516 1736 non
556 1699 869 1749 praesagiemus
908 1699 1036 1738 immo
1076 1698 1231 1739 buxum
1278 1701 1495 1752 proprium
1528 1702 1658 1753 ipsius

109 1779 275 1817 quoque
308 1767 454 1806 lusorii
477 1768 745 1807 instrumenti
770 1782 921 1808 nomen
956 1768 1067 1821 apud
1101 1783 1254 1821 pueros
1279 1769 1494 1811 Romanos
1528 1771 1657 1812 fuisse

106 1837 392 1891 statuemusfl')
460 1836 518 1877 Et
556 1836 761 1889 probatur
799 1839 960 1890 opinio,
1007 1853 1101 1878 cum
1140 1839 1317 1892 Vergilii
1358 1840 1513 1880 Tibulli
1547 1848 1657 1882 artes

104 1907 368 1958 respicimus:

222 2000 330 2042 Aen.
355 2004 391 2050 7,
418 2004 667 2042 378——3832

276 2082 364 2124 Ceu
398 2083 610 2136 quondam
646 2090 758 2125 torto
792 2085 972 2125 volitans
1006 2084 1082 2125 sub
1115 2085 1288 2126 verbere
1322 2086 1479 2127 turbo.

277 2151 413 2205 Quem
446 2155 565 2206 pueri
598 2168 750 2207 magno
783 2156 825 2194 in
857 2169 959 2208 gyro
993 2169 1128 2196 vacua
1159 2158 1267 2196 atria
1300 2158 1455 2197 circum

274 2223 435 2264 Intenti
468 2224 567 2264 ludo
603 2232 818 2275 exercent3
852 2226 921 2265 ille
956 2232 1074 2266 actus
1108 2225 1274 2266 habena

275 2293 470 2335 Curvatis
502 2295 635 2335 fertur
668 2296 826 2348 spatiis,
860 2302 1001 2349 stupet
1033 2297 1166 2336 inscia
1199 2311 1326 2349 supra

273 2363 559 2418 Impubesque
592 2379 740 2406 manus
773 2367 926 2406 mirata
957 2366 1140 2406 volubile
1173 2366 1351 2407 buxum

273 2434 391 2475 Dant
423 2437 585 2475 animos
619 2436 768 2488 plagae
803 2468 810 2476 .
844 2470 851 2478 .
885 2440 918 2477 .⁴⁴

222 2585 248 2622 1)
275 2584 505 2628 Quapropter
531 2586 626 2619 haud
653 2587 726 2619 scio
754 2599 798 2620 an
825 2598 896 2620 non
917 2598 1060 2630 prorsus
1087 2590 1183 2620 recte
1203 2588 1414 2621 iudicaverit
1434 2588 1653 2622 Sudhausius

102 2642 260 2676 Hermae
284 2644 330 2676 42
354 2645 474 2687 (1907)
498 2645 578 2686 481,
604 2646 649 2678 ad
668 2644 776 2688 Verg.
796 2646 828 2686 9,
844 2647 911 2678 619
931 2649 967 2678 et
993 2646 1082 2679 Ciris
1111 2647 1194 2679 166:
1223 2646 1313 2688 „Die
1340 2646 1570 2689 Metonymffi,
1597 2648 1654 2680 die

105 2701 228 2744 Vergil
255 2702 465 2736 schwerlich
491 2703 667 2736 erfunden
693 2704 766 2745 hat,
794 2705 881 2737 wird
908 2716 979 2737 von
1005 2705 1073 2737 den
1093 2704 1333 2738 Neoterikern
1358 2706 1520 2748 gebildet
1544 2707 1651 2740 sein:-

102 2758 234 2802 Quidni
262 2761 368 2794 liceat
393 2762 565 2804 suspicari
593 2763 701 2795 etiam
728 2763 834 2796 latius
861 2765 1019 2805 patuisse
1047 2775 1149 2796 usum
1168 2764 1286 2806 poetis
1306 2764 1475 2797 videlicet
1500 2765 1653 2798 maxime

102 2818 331 2853 adamatum?

220 2877 247 2920 2)
276 2877 478 2921 „Volgare“
508 2879 706 2912 nominavit
732 2879 865 2913 buxum
892 2879 1099 2922 Propertius
1119 2879 1190 2922 III,
1210 2881 1265 2923 23,
1284 2882 1316 2914 8.
