<?xml version="1.0" encoding="UTF-8"?>
<!DOCTYPE html PUBLIC "-//W3C//DTD XHTML 1.0 Transitional//EN"
    "http://www.w3.org/TR/xhtml1/DTD/xhtml1-transitional.dtd">
<html xmlns="http://www.w3.org/1999/xhtml" xml:lang="en" lang="en">
 <head>
  <title>
</title>
<meta http-equiv="Content-Type" content="text/html;charset=utf-8" />
  <meta name='ocr-system' content='tesseract 3.04.00' />
  <meta name='ocr-capabilities' content='ocr_page ocr_carea ocr_par ocr_line ocrx_word'/>
</head>
<body>
  <div class='ocr_page' id='page_1' title='image "./depersiiinsaturi00schuoft_0017.png"; bbox 0 0 1944 3226; ppageno 0'>
   <div class='ocr_carea' id='block_1_1' title="bbox 510 714 1298 778">
    <p class='ocr_par' dir='ltr' id='par_1_1' title="bbox 510 714 1298 778">
     <span class='ocr_line' id='line_1_1' title="bbox 510 714 1298 778; baseline -0.006 -10"><span class='ocrx_word' id='word_1_1' title='bbox 510 718 569 768; x_wconf 90' lang='lat' dir='ltr'>A.</span> <span class='ocrx_word' id='word_1_2' title='bbox 610 717 930 768; x_wconf 81' lang='lat' dir='ltr'>Exordium:</span> <span class='ocrx_word' id='word_1_3' title='bbox 971 714 1298 778; x_wconf 75' lang='lat' dir='ltr'>propositio,</span> 
     </span>
    </p>
   </div>
   <div class='ocr_carea' id='block_1_2' title="bbox 115 827 1688 2922">
    <p class='ocr_par' dir='ltr' id='par_1_2' title="bbox 115 827 1688 2922">
     <span class='ocr_line' id='line_1_2' title="bbox 253 827 1683 875; baseline -0.005 -1"><span class='ocrx_word' id='word_1_4' title='bbox 253 834 386 875; x_wconf 88' lang='lat' dir='ltr'>Persii</span> <span class='ocrx_word' id='word_1_5' title='bbox 420 835 604 873; x_wconf 83' lang='lat' dir='ltr'>auctoris</span> <span class='ocrx_word' id='word_1_6' title='bbox 638 833 749 872; x_wconf 90' lang='lat' dir='ltr'>unici</span> <span class='ocrx_word' id='word_1_7' title='bbox 784 846 872 872; x_wconf 89' lang='lat' dir='ltr'>sors</span> <span class='ocrx_word' id='word_1_8' title='bbox 906 833 1048 871; x_wconf 87' lang='lat' dir='ltr'>unica:</span> <span class='ocrx_word' id='word_1_9' title='bbox 1084 831 1243 870; x_wconf 83' lang='lat' dir='ltr'>scilicet</span> <span class='ocrx_word' id='word_1_10' title='bbox 1277 835 1424 869; x_wconf 86' lang='lat' dir='ltr'>auctor</span> <span class='ocrx_word' id='word_1_11' title='bbox 1456 827 1683 868; x_wconf 77' lang='lat' dir='ltr'>admodum</span> 
     </span>
     <span class='ocr_line' id='line_1_3' title="bbox 132 901 1683 953; baseline -0.005 -8"><span class='ocrx_word' id='word_1_12' title='bbox 132 905 317 946; x_wconf 88' lang='lat' dir='ltr'>difficilis</span> <span class='ocrx_word' id='word_1_13' title='bbox 350 906 390 944; x_wconf 92' lang='lat' dir='ltr'>in</span> <span class='ocrx_word' id='word_1_14' title='bbox 420 918 562 944; x_wconf 88' lang='lat' dir='ltr'>eorum</span> <span class='ocrx_word' id='word_1_15' title='bbox 596 909 787 943; x_wconf 83' lang='lat' dir='ltr'>versatur</span> <span class='ocrx_word' id='word_1_16' title='bbox 820 915 1004 953; x_wconf 63' lang='lat' dir='ltr'>numero,</span> <span class='ocrx_word' id='word_1_17' title='bbox 1039 902 1108 953; x_wconf 85' lang='lat' dir='ltr'>qui</span> <span class='ocrx_word' id='word_1_18' title='bbox 1139 901 1261 953; x_wconf 89' lang='lat' dir='ltr'>primi</span> <span class='ocrx_word' id='word_1_19' title='bbox 1289 913 1406 939; x_wconf 88' lang='lat' dir='ltr'>suum</span> <span class='ocrx_word' id='word_1_20' title='bbox 1432 913 1683 951; x_wconf 87' lang='lat' dir='ltr'>praeconem</span> 
     </span>
     <span class='ocr_line' id='line_1_4' title="bbox 131 967 1683 1025; baseline -0.005 -10"><span class='ocrx_word' id='word_1_21' title='bbox 131 978 380 1016; x_wconf 87' lang='lat' dir='ltr'>invenerunt</span> <span class='ocrx_word' id='word_1_22' title='bbox 421 975 572 1014; x_wconf 89' lang='lat' dir='ltr'>nostris</span> <span class='ocrx_word' id='word_1_23' title='bbox 614 972 884 1025; x_wconf 76' lang='lat' dir='ltr'>temporibus.</span> <span class='ocrx_word' id='word_1_24' title='bbox 948 971 1058 1012; x_wconf 87' lang='lat' dir='ltr'>Nam</span> <span class='ocrx_word' id='word_1_25' title='bbox 1101 972 1171 1023; x_wconf 86' lang='lat' dir='ltr'>qui</span> <span class='ocrx_word' id='word_1_26' title='bbox 1206 972 1362 1023; x_wconf 88' lang='lat' dir='ltr'>primus</span> <span class='ocrx_word' id='word_1_27' title='bbox 1396 976 1491 1022; x_wconf 87' lang='lat' dir='ltr'>post</span> <span class='ocrx_word' id='word_1_28' title='bbox 1526 967 1683 1009; x_wconf 87' lang='lat' dir='ltr'>Casan-</span> 
     </span>
     <span class='ocr_line' id='line_1_5' title="bbox 133 1041 1683 1091; baseline -0.005 -5"><span class='ocrx_word' id='word_1_29' title='bbox 133 1046 231 1086; x_wconf 89' lang='lat' dir='ltr'>boni</span> <span class='ocrx_word' id='word_1_30' title='bbox 284 1059 426 1085; x_wconf 84' lang='lat' dir='ltr'>curam</span> <span class='ocrx_word' id='word_1_31' title='bbox 478 1050 684 1084; x_wconf 86' lang='lat' dir='ltr'>remotam</span> <span class='ocrx_word' id='word_1_32' title='bbox 738 1043 790 1082; x_wconf 88' lang='lat' dir='ltr'>ad</span> <span class='ocrx_word' id='word_1_33' title='bbox 844 1042 1034 1082; x_wconf 77' lang='lat' dir='ltr'>Persium</span> <span class='ocrx_word' id='word_1_34' title='bbox 1090 1042 1285 1091; x_wconf 72' lang='lat' dir='ltr'>accessit,</span> <span class='ocrx_word' id='word_1_35' title='bbox 1349 1041 1487 1079; x_wconf 86' lang='lat' dir='ltr'>statim</span> <span class='ocrx_word' id='word_1_36' title='bbox 1551 1046 1683 1079; x_wconf 89' lang='lat' dir='ltr'>totum</span> 
     </span>
     <span class='ocr_line' id='line_1_6' title="bbox 136 1109 1683 1166; baseline -0.005 -10"><span class='ocrx_word' id='word_1_37' title='bbox 136 1116 327 1156; x_wconf 83' lang='lat' dir='ltr'>Persium</span> <span class='ocrx_word' id='word_1_38' title='bbox 370 1116 429 1155; x_wconf 88' lang='lat' dir='ltr'>ita</span> <span class='ocrx_word' id='word_1_39' title='bbox 471 1114 693 1166; x_wconf 76' lang='lat' dir='ltr'>descripsit</span> <span class='ocrx_word' id='word_1_40' title='bbox 735 1121 860 1166; x_wconf 86' lang='lat' dir='ltr'>atque</span> <span class='ocrx_word' id='word_1_41' title='bbox 905 1112 1093 1152; x_wconf 82' lang='lat' dir='ltr'>funditus</span> <span class='ocrx_word' id='word_1_42' title='bbox 1138 1112 1331 1162; x_wconf 74' lang='lat' dir='ltr'>excussit,</span> <span class='ocrx_word' id='word_1_43' title='bbox 1377 1116 1422 1150; x_wconf 88' lang='lat' dir='ltr'>nt</span> <span class='ocrx_word' id='word_1_44' title='bbox 1461 1109 1512 1149; x_wconf 88' lang='lat' dir='ltr'>ab</span> <span class='ocrx_word' id='word_1_45' title='bbox 1552 1110 1683 1149; x_wconf 80' lang='lat' dir='ltr'>altero</span> 
     </span>
     <span class='ocr_line' id='line_1_7' title="bbox 133 1181 1684 1237; baseline -0.005 -11"><span class='ocrx_word' id='word_1_46' title='bbox 133 1186 294 1226; x_wconf 87' lang='lat' dir='ltr'>editore</span> <span class='ocrx_word' id='word_1_47' title='bbox 329 1185 514 1226; x_wconf 88' lang='lat' dir='ltr'>nondum</span> <span class='ocrx_word' id='word_1_48' title='bbox 548 1186 600 1224; x_wconf 92' lang='lat' dir='ltr'>sit</span> <span class='ocrx_word' id='word_1_49' title='bbox 634 1192 866 1237; x_wconf 81' lang='lat' dir='ltr'>superatus.</span> <span class='ocrx_word' id='word_1_50' title='bbox 921 1182 1044 1224; x_wconf 80' lang='lat' dir='ltr'>Certe</span> <span class='ocrx_word' id='word_1_51' title='bbox 1080 1181 1182 1223; x_wconf 81' lang='lat' dir='ltr'>Otto</span> <span class='ocrx_word' id='word_1_52' title='bbox 1211 1181 1377 1222; x_wconf 76' lang='lat' dir='ltr'>Jahnus</span> <span class='ocrx_word' id='word_1_53' title='bbox 1412 1181 1684 1220; x_wconf 82' lang='lat' dir='ltr'>multifariam</span> 
     </span>
     <span class='ocr_line' id='line_1_8' title="bbox 132 1251 1682 1308; baseline -0.005 -12"><span class='ocrx_word' id='word_1_54' title='bbox 132 1258 298 1307; x_wconf 73' lang='lat' dir='ltr'>erravit,</span> <span class='ocrx_word' id='word_1_55' title='bbox 346 1255 419 1296; x_wconf 91' lang='lat' dir='ltr'>sed</span> <span class='ocrx_word' id='word_1_56' title='bbox 464 1257 605 1308; x_wconf 82' lang='lat' dir='ltr'>posuit</span> <span class='ocrx_word' id='word_1_57' title='bbox 651 1254 983 1303; x_wconf 74' lang='lat' dir='ltr'>fundamentum,</span> <span class='ocrx_word' id='word_1_58' title='bbox 1024 1252 1138 1305; x_wconf 88' lang='lat' dir='ltr'>quod</span> <span class='ocrx_word' id='word_1_59' title='bbox 1178 1252 1316 1292; x_wconf 90' lang='lat' dir='ltr'>adhuc</span> <span class='ocrx_word' id='word_1_60' title='bbox 1354 1251 1682 1303; x_wconf 81' lang='lat' dir='ltr'>redintegratum</span> 
     </span>
     <span class='ocr_line' id='line_1_9' title="bbox 134 1321 1684 1367; baseline -0.005 0"><span class='ocrx_word' id='word_1_61' title='bbox 134 1341 214 1367; x_wconf 90' lang='lat' dir='ltr'>non</span> <span class='ocrx_word' id='word_1_62' title='bbox 250 1333 323 1366; x_wconf 85' lang='lat' dir='ltr'>est.</span> <span class='ocrx_word' id='word_1_63' title='bbox 386 1326 557 1366; x_wconf 81' lang='lat' dir='ltr'>Etenim</span> <span class='ocrx_word' id='word_1_64' title='bbox 591 1339 672 1365; x_wconf 90' lang='lat' dir='ltr'>non</span> <span class='ocrx_word' id='word_1_65' title='bbox 707 1324 832 1364; x_wconf 86' lang='lat' dir='ltr'>modo</span> <span class='ocrx_word' id='word_1_66' title='bbox 868 1324 1169 1364; x_wconf 86' lang='lat' dir='ltr'>commentario</span> <span class='ocrx_word' id='word_1_67' title='bbox 1203 1322 1371 1363; x_wconf 68' lang='lat' dir='ltr'>dalinus</span> <span class='ocrx_word' id='word_1_68' title='bbox 1399 1321 1591 1361; x_wconf 88' lang='lat' dir='ltr'>Persium</span> <span class='ocrx_word' id='word_1_69' title='bbox 1624 1322 1684 1360; x_wconf 89' lang='lat' dir='ltr'>in-</span> 
     </span>
     <span class='ocr_line' id='line_1_10' title="bbox 133 1392 1683 1447; baseline -0.004 -11"><span class='ocrx_word' id='word_1_70' title='bbox 133 1398 284 1437; x_wconf 85' lang='lat' dir='ltr'>struxit</span> <span class='ocrx_word' id='word_1_71' title='bbox 330 1396 586 1447; x_wconf 86' lang='lat' dir='ltr'>doctissimo,</span> <span class='ocrx_word' id='word_1_72' title='bbox 632 1395 705 1435; x_wconf 86' lang='lat' dir='ltr'>sed</span> <span class='ocrx_word' id='word_1_73' title='bbox 753 1396 878 1435; x_wconf 83' lang='lat' dir='ltr'>etiam</span> <span class='ocrx_word' id='word_1_74' title='bbox 919 1394 969 1434; x_wconf 90' lang='lat' dir='ltr'>de</span> <span class='ocrx_word' id='word_1_75' title='bbox 1016 1394 1151 1434; x_wconf 89' lang='lat' dir='ltr'>Persii</span> <span class='ocrx_word' id='word_1_76' title='bbox 1198 1406 1390 1433; x_wconf 86' lang='lat' dir='ltr'>sermone</span> <span class='ocrx_word' id='word_1_77' title='bbox 1437 1398 1477 1431; x_wconf 95' lang='lat' dir='ltr'>et</span> <span class='ocrx_word' id='word_1_78' title='bbox 1516 1397 1604 1431; x_wconf 88' lang='lat' dir='ltr'>arte</span> <span class='ocrx_word' id='word_1_79' title='bbox 1643 1392 1683 1430; x_wconf 91' lang='lat' dir='ltr'>in</span> 
     </span>
     <span class='ocr_line' id='line_1_11' title="bbox 132 1462 1684 1520; baseline -0.005 -13"><span class='ocrx_word' id='word_1_80' title='bbox 132 1468 442 1520; x_wconf 79' lang='lat' dir='ltr'>prolegomenis</span> <span class='ocrx_word' id='word_1_81' title='bbox 481 1467 540 1506; x_wconf 86' lang='lat' dir='ltr'>ita</span> <span class='ocrx_word' id='word_1_82' title='bbox 580 1465 827 1518; x_wconf 82' lang='lat' dir='ltr'>disputavit,</span> <span class='ocrx_word' id='word_1_83' title='bbox 872 1472 917 1504; x_wconf 90' lang='lat' dir='ltr'>ut</span> <span class='ocrx_word' id='word_1_84' title='bbox 958 1466 1093 1517; x_wconf 88' lang='lat' dir='ltr'>primo</span> <span class='ocrx_word' id='word_1_85' title='bbox 1134 1470 1255 1516; x_wconf 90' lang='lat' dir='ltr'>putes</span> <span class='ocrx_word' id='word_1_86' title='bbox 1296 1462 1446 1503; x_wconf 91' lang='lat' dir='ltr'>obtutu</span> <span class='ocrx_word' id='word_1_87' title='bbox 1486 1476 1535 1501; x_wconf 87' lang='lat' dir='ltr'>ne</span> <span class='ocrx_word' id='word_1_88' title='bbox 1577 1476 1684 1501; x_wconf 88' lang='lat' dir='ltr'>nunc</span> 
     </span>
     <span class='ocr_line' id='line_1_12' title="bbox 133 1532 1685 1590; baseline -0.004 -13"><span class='ocrx_word' id='word_1_89' title='bbox 133 1537 305 1590; x_wconf 90' lang='lat' dir='ltr'>quidum</span> <span class='ocrx_word' id='word_1_90' title='bbox 344 1551 467 1590; x_wconf 89' lang='lat' dir='ltr'>posse</span> <span class='ocrx_word' id='word_1_91' title='bbox 508 1550 760 1589; x_wconf 84' lang='lat' dir='ltr'>quemquam</span> <span class='ocrx_word' id='word_1_92' title='bbox 804 1536 988 1575; x_wconf 87' lang='lat' dir='ltr'>colorem</span> <span class='ocrx_word' id='word_1_93' title='bbox 1029 1535 1158 1574; x_wconf 88' lang='lat' dir='ltr'>ullum</span> <span class='ocrx_word' id='word_1_94' title='bbox 1197 1533 1354 1573; x_wconf 87' lang='lat' dir='ltr'>addere</span> <span class='ocrx_word' id='word_1_95' title='bbox 1389 1534 1424 1573; x_wconf 88' lang='lat' dir='ltr'>ei</span> <span class='ocrx_word' id='word_1_96' title='bbox 1459 1546 1584 1585; x_wconf 86' lang='lat' dir='ltr'>quam</span> <span class='ocrx_word' id='word_1_97' title='bbox 1617 1532 1685 1571; x_wconf 88' lang='lat' dir='ltr'>ille</span> 
     </span>
     <span class='ocr_line' id='line_1_13' title="bbox 134 1603 1684 1659; baseline -0.005 -11"><span class='ocrx_word' id='word_1_98' title='bbox 134 1607 361 1647; x_wconf 81' lang='lat' dir='ltr'>delineavit</span> <span class='ocrx_word' id='word_1_99' title='bbox 392 1608 564 1659; x_wconf 80' lang='lat' dir='ltr'>imagini</span> <span class='ocrx_word' id='word_1_100' title='bbox 597 1607 662 1646; x_wconf 83' lang='lat' dir='ltr'>vel</span> <span class='ocrx_word' id='word_1_101' title='bbox 696 1612 881 1646; x_wconf 84' lang='lat' dir='ltr'>evertere</span> <span class='ocrx_word' id='word_1_102' title='bbox 916 1607 1003 1645; x_wconf 92' lang='lat' dir='ltr'>eius</span> <span class='ocrx_word' id='word_1_103' title='bbox 1036 1604 1250 1644; x_wconf 90' lang='lat' dir='ltr'>iudicium.</span> <span class='ocrx_word' id='word_1_104' title='bbox 1293 1603 1332 1643; x_wconf 82' lang='lat' dir='ltr'>Ii</span> <span class='ocrx_word' id='word_1_105' title='bbox 1356 1617 1467 1653; x_wconf 70' lang='lat' dir='ltr'>sane,</span> <span class='ocrx_word' id='word_1_106' title='bbox 1498 1604 1567 1655; x_wconf 87' lang='lat' dir='ltr'>qui</span> <span class='ocrx_word' id='word_1_107' title='bbox 1590 1610 1684 1655; x_wconf 88' lang='lat' dir='ltr'>post</span> 
     </span>
     <span class='ocr_line' id='line_1_14' title="bbox 131 1672 1683 1728; baseline -0.004 -10"><span class='ocrx_word' id='word_1_108' title='bbox 131 1678 319 1719; x_wconf 77' lang='lat' dir='ltr'>Jahnum</span> <span class='ocrx_word' id='word_1_109' title='bbox 366 1677 417 1718; x_wconf 85' lang='lat' dir='ltr'>de</span> <span class='ocrx_word' id='word_1_110' title='bbox 464 1678 597 1718; x_wconf 86' lang='lat' dir='ltr'>Persii</span> <span class='ocrx_word' id='word_1_111' title='bbox 644 1678 880 1717; x_wconf 83' lang='lat' dir='ltr'>elocutione</span> <span class='ocrx_word' id='word_1_112' title='bbox 928 1677 1195 1728; x_wconf 74' lang='lat' dir='ltr'>scripserunt,</span> <span class='ocrx_word' id='word_1_113' title='bbox 1241 1682 1313 1714; x_wconf 84' lang='lat' dir='ltr'>aut</span> <span class='ocrx_word' id='word_1_114' title='bbox 1357 1672 1683 1726; x_wconf 79' lang='lat' dir='ltr'>comprobarunt</span> 
     </span>
     <span class='ocr_line' id='line_1_15' title="bbox 133 1742 1684 1800; baseline -0.003 -12"><span class='ocrx_word' id='word_1_115' title='bbox 133 1748 264 1789; x_wconf 77' lang='lat' dir='ltr'>Jahni</span> <span class='ocrx_word' id='word_1_116' title='bbox 299 1749 550 1788; x_wconf 81' lang='lat' dir='ltr'>sententiam</span> <span class='ocrx_word' id='word_1_117' title='bbox 584 1754 624 1787; x_wconf 88' lang='lat' dir='ltr'>et</span> <span class='ocrx_word' id='word_1_118' title='bbox 656 1748 822 1800; x_wconf 84' lang='lat' dir='ltr'>planius</span> <span class='ocrx_word' id='word_1_119' title='bbox 857 1745 1107 1799; x_wconf 83' lang='lat' dir='ltr'>exponendo</span> <span class='ocrx_word' id='word_1_120' title='bbox 1142 1752 1183 1785; x_wconf 87' lang='lat' dir='ltr'>et</span> <span class='ocrx_word' id='word_1_121' title='bbox 1216 1744 1408 1797; x_wconf 80' lang='lat' dir='ltr'>exempla</span> <span class='ocrx_word' id='word_1_122' title='bbox 1432 1742 1684 1784; x_wconf 86' lang='lat' dir='ltr'>cumulando</span> 
     </span>
     <span class='ocr_line' id='line_1_16' title="bbox 133 1815 1684 1871; baseline -0.005 -12"><span class='ocrx_word' id='word_1_123' title='bbox 133 1826 205 1859; x_wconf 87' lang='lat' dir='ltr'>aut</span> <span class='ocrx_word' id='word_1_124' title='bbox 236 1820 316 1871; x_wconf 90' lang='lat' dir='ltr'>ipsi</span> <span class='ocrx_word' id='word_1_125' title='bbox 351 1820 493 1871; x_wconf 83' lang='lat' dir='ltr'>nugati</span> <span class='ocrx_word' id='word_1_126' title='bbox 529 1825 634 1859; x_wconf 89' lang='lat' dir='ltr'>sunt.</span> <span class='ocrx_word' id='word_1_127' title='bbox 685 1816 930 1858; x_wconf 85' lang='lat' dir='ltr'>Communis</span> <span class='ocrx_word' id='word_1_128' title='bbox 965 1823 1103 1856; x_wconf 86' lang='lat' dir='ltr'>autem</span> <span class='ocrx_word' id='word_1_129' title='bbox 1139 1817 1323 1856; x_wconf 85' lang='lat' dir='ltr'>omnium</span> <span class='ocrx_word' id='word_1_130' title='bbox 1353 1820 1518 1855; x_wconf 85' lang='lat' dir='ltr'>constat</span> <span class='ocrx_word' id='word_1_131' title='bbox 1543 1815 1684 1866; x_wconf 88' lang='lat' dir='ltr'>opinio</span> 
     </span>
     <span class='ocr_line' id='line_1_17' title="bbox 134 1884 1685 1940; baseline -0.005 -11"><span class='ocrx_word' id='word_1_132' title='bbox 134 1889 185 1929; x_wconf 87' lang='lat' dir='ltr'>de</span> <span class='ocrx_word' id='word_1_133' title='bbox 218 1889 354 1929; x_wconf 89' lang='lat' dir='ltr'>Persii</span> <span class='ocrx_word' id='word_1_134' title='bbox 388 1902 579 1929; x_wconf 80' lang='lat' dir='ltr'>somnone</span> <span class='ocrx_word' id='word_1_135' title='bbox 612 1888 785 1940; x_wconf 63' lang='lat' dir='ltr'>vulgari,</span> <span class='ocrx_word' id='word_1_136' title='bbox 814 1888 1049 1927; x_wconf 82' lang='lat' dir='ltr'>imitatione</span> <span class='ocrx_word' id='word_1_137' title='bbox 1072 1886 1323 1937; x_wconf 76' lang='lat' dir='ltr'>Horatiana,</span> <span class='ocrx_word' id='word_1_138' title='bbox 1347 1891 1435 1924; x_wconf 87' lang='lat' dir='ltr'>arte</span> <span class='ocrx_word' id='word_1_139' title='bbox 1459 1884 1685 1924; x_wconf 82' lang='lat' dir='ltr'>rhetorica:</span> 
     </span>
     <span class='ocr_line' id='line_1_18' title="bbox 132 1954 1685 2011; baseline -0.004 -12"><span class='ocrx_word' id='word_1_140' title='bbox 132 1961 240 1999; x_wconf 86' lang='lat' dir='ltr'>ratio</span> <span class='ocrx_word' id='word_1_141' title='bbox 281 1966 343 1999; x_wconf 91' lang='lat' dir='ltr'>est</span> <span class='ocrx_word' id='word_1_142' title='bbox 381 1959 674 2006; x_wconf 81' lang='lat' dir='ltr'>Heckmannsi</span> <span class='ocrx_word' id='word_1_143' title='bbox 720 1958 940 2011; x_wconf 86' lang='lat' dir='ltr'>(Persiana</span> <span class='ocrx_word' id='word_1_144' title='bbox 980 1957 1077 1997; x_wconf 89' lang='lat' dir='ltr'>diss.</span> <span class='ocrx_word' id='word_1_145' title='bbox 1106 1957 1288 1997; x_wconf 86' lang='lat' dir='ltr'>Monast.</span> <span class='ocrx_word' id='word_1_146' title='bbox 1332 1956 1470 2009; x_wconf 76' lang='lat'>1875.)</span> <span class='ocrx_word' id='word_1_147' title='bbox 1509 1954 1685 1994; x_wconf 75' lang='lat' dir='ltr'>Kusteri</span> 
     </span>
     <span class='ocr_line' id='line_1_19' title="bbox 134 2024 1686 2083; baseline -0.003 -14"><span class='ocrx_word' id='word_1_148' title='bbox 134 2030 290 2083; x_wconf 83' lang='lat' dir='ltr'>(progr.</span> <span class='ocrx_word' id='word_1_149' title='bbox 324 2029 511 2071; x_wconf 90' lang='lat' dir='ltr'>Loebau.</span> <span class='ocrx_word' id='word_1_150' title='bbox 549 2032 670 2070; x_wconf 72' lang='lat'>1894.</span> <span class='ocrx_word' id='word_1_151' title='bbox 706 2031 826 2069; x_wconf 81' lang='lat'><strong>1896.</strong></span> <span class='ocrx_word' id='word_1_152' title='bbox 859 2028 1000 2081; x_wconf 78' lang='lat'>1897.)</span> <span class='ocrx_word' id='word_1_153' title='bbox 1039 2029 1169 2080; x_wconf 90' lang='lat' dir='ltr'>ipsius</span> <span class='ocrx_word' id='word_1_154' title='bbox 1204 2040 1370 2079; x_wconf 87' lang='lat' dir='ltr'>quoque</span> <span class='ocrx_word' id='word_1_155' title='bbox 1404 2024 1686 2077; x_wconf 81' lang='lat' dir='ltr'>Eichenbergi</span> 
     </span>
     <span class='ocr_line' id='line_1_20' title="bbox 135 2096 1684 2154; baseline -0.003 -13"><span class='ocrx_word' id='word_1_156' title='bbox 135 2100 205 2154; x_wconf 84' lang='lat' dir='ltr'>(de</span> <span class='ocrx_word' id='word_1_157' title='bbox 244 2100 379 2140; x_wconf 88' lang='lat' dir='ltr'>Persii</span> <span class='ocrx_word' id='word_1_158' title='bbox 420 2102 642 2140; x_wconf 86' lang='lat' dir='ltr'>satirarum</span> <span class='ocrx_word' id='word_1_159' title='bbox 683 2106 832 2139; x_wconf 88' lang='lat' dir='ltr'>natura</span> <span class='ocrx_word' id='word_1_160' title='bbox 873 2105 998 2151; x_wconf 84' lang='lat' dir='ltr'>atque</span> <span class='ocrx_word' id='word_1_161' title='bbox 1038 2097 1180 2138; x_wconf 91' lang='lat' dir='ltr'>indole</span> <span class='ocrx_word' id='word_1_162' title='bbox 1220 2097 1317 2138; x_wconf 88' lang='lat' dir='ltr'>diss.</span> <span class='ocrx_word' id='word_1_163' title='bbox 1342 2096 1513 2136; x_wconf 66' lang='lat' dir='ltr'>Vratisl.</span> <span class='ocrx_word' id='word_1_164' title='bbox 1546 2098 1684 2141; x_wconf 75' lang='lat'><strong>1905.)</strong></span> 
     </span>
     <span class='ocr_line' id='line_1_21' title="bbox 133 2165 1685 2223; baseline -0.004 -12"><span class='ocrx_word' id='word_1_165' title='bbox 133 2171 325 2223; x_wconf 83' lang='lat' dir='ltr'>exempla</span> <span class='ocrx_word' id='word_1_166' title='bbox 370 2170 642 2211; x_wconf 87' lang='lat' dir='ltr'>enumerandi</span> <span class='ocrx_word' id='word_1_167' title='bbox 685 2169 921 2222; x_wconf 86' lang='lat' dir='ltr'>dissipandi</span> <span class='ocrx_word' id='word_1_168' title='bbox 967 2169 1105 2209; x_wconf 87' lang='lat' dir='ltr'>soluta</span> <span class='ocrx_word' id='word_1_169' title='bbox 1144 2182 1167 2208; x_wconf 89' lang='lat' dir='ltr'>a</span> <span class='ocrx_word' id='word_1_170' title='bbox 1207 2173 1406 2207; x_wconf 80' lang='lat' dir='ltr'>contextu</span> <span class='ocrx_word' id='word_1_171' title='bbox 1444 2165 1685 2211; x_wconf 61' lang='lat' dir='ltr'>verborunn</span> 
     </span>
     <span class='ocr_line' id='line_1_22' title="bbox 133 2237 1686 2292; baseline -0.004 -11"><span class='ocrx_word' id='word_1_172' title='bbox 133 2255 232 2281; x_wconf 82' lang='lat' dir='ltr'>sane</span> <span class='ocrx_word' id='word_1_173' title='bbox 278 2241 500 2288; x_wconf 86' lang='lat' dir='ltr'>levissima,</span> <span class='ocrx_word' id='word_1_174' title='bbox 541 2248 581 2280; x_wconf 89' lang='lat' dir='ltr'>et</span> <span class='ocrx_word' id='word_1_175' title='bbox 621 2240 672 2280; x_wconf 92' lang='lat' dir='ltr'>ab</span> <span class='ocrx_word' id='word_1_176' title='bbox 713 2254 763 2280; x_wconf 89' lang='lat' dir='ltr'>ea</span> <span class='ocrx_word' id='word_1_177' title='bbox 802 2254 926 2292; x_wconf 81' lang='lat' dir='ltr'>quam</span> <span class='ocrx_word' id='word_1_178' title='bbox 968 2253 1042 2279; x_wconf 89' lang='lat' dir='ltr'>nos</span> <span class='ocrx_word' id='word_1_179' title='bbox 1083 2238 1253 2291; x_wconf 90' lang='lat' dir='ltr'>quidem</span> <span class='ocrx_word' id='word_1_180' title='bbox 1293 2250 1510 2277; x_wconf 87' lang='lat' dir='ltr'>censemus</span> <span class='ocrx_word' id='word_1_181' title='bbox 1554 2237 1686 2275; x_wconf 83' lang='lat' dir='ltr'>solam</span> 
     </span>
     <span class='ocr_line' id='line_1_23' title="bbox 133 2307 1685 2364; baseline -0.003 -14"><span class='ocrx_word' id='word_1_182' title='bbox 133 2325 223 2352; x_wconf 80' lang='lat' dir='ltr'>esse</span> <span class='ocrx_word' id='word_1_183' title='bbox 256 2311 469 2364; x_wconf 80' lang='lat' dir='ltr'>philologo</span> <span class='ocrx_word' id='word_1_184' title='bbox 504 2311 731 2351; x_wconf 78' lang='lat' dir='ltr'>ineundam</span> <span class='ocrx_word' id='word_1_185' title='bbox 766 2310 1034 2351; x_wconf 87' lang='lat' dir='ltr'>alienissima.</span> <span class='ocrx_word' id='word_1_186' title='bbox 1086 2309 1197 2349; x_wconf 88' lang='lat' dir='ltr'>Nam</span> <span class='ocrx_word' id='word_1_187' title='bbox 1231 2322 1330 2348; x_wconf 85' lang='lat' dir='ltr'>sane</span> <span class='ocrx_word' id='word_1_188' title='bbox 1363 2309 1396 2347; x_wconf 90' lang='lat' dir='ltr'>is</span> <span class='ocrx_word' id='word_1_189' title='bbox 1432 2321 1511 2347; x_wconf 91' lang='lat' dir='ltr'>non</span> <span class='ocrx_word' id='word_1_190' title='bbox 1545 2307 1685 2346; x_wconf 81' lang='lat' dir='ltr'>stilum</span> 
     </span>
     <span class='ocr_line' id='line_1_24' title="bbox 134 2379 1686 2434; baseline -0.004 -13"><span class='ocrx_word' id='word_1_191' title='bbox 134 2383 317 2422; x_wconf 82' lang='lat' dir='ltr'>auctoris</span> <span class='ocrx_word' id='word_1_192' title='bbox 367 2382 560 2432; x_wconf 70' lang='lat' dir='ltr'>illustrat,</span> <span class='ocrx_word' id='word_1_193' title='bbox 613 2383 683 2434; x_wconf 83' lang='lat' dir='ltr'>qui</span> <span class='ocrx_word' id='word_1_194' title='bbox 734 2381 1094 2433; x_wconf 85' lang='lat' dir='ltr'>praepositionum</span> <span class='ocrx_word' id='word_1_195' title='bbox 1145 2379 1427 2431; x_wconf 78' lang='lat' dir='ltr'>frequentiam</span> <span class='ocrx_word' id='word_1_196' title='bbox 1479 2384 1519 2417; x_wconf 89' lang='lat' dir='ltr'>et</span> <span class='ocrx_word' id='word_1_197' title='bbox 1566 2391 1686 2416; x_wconf 87' lang='lat' dir='ltr'>nsum</span> 
     </span>
     <span class='ocr_line' id='line_1_25' title="bbox 134 2448 1686 2505; baseline -0.003 -14"><span class='ocrx_word' id='word_1_198' title='bbox 134 2458 350 2492; x_wconf 83' lang='lat' dir='ltr'>enumerat</span> <span class='ocrx_word' id='word_1_199' title='bbox 395 2452 590 2505; x_wconf 79' lang='lat' dir='ltr'>(Kiister.</span> <span class='ocrx_word' id='word_1_200' title='bbox 628 2454 748 2493; x_wconf 80' lang='lat'>1897.</span> <span class='ocrx_word' id='word_1_201' title='bbox 788 2465 877 2504; x_wconf 83' lang='lat' dir='ltr'>cap.</span> <span class='ocrx_word' id='word_1_202' title='bbox 906 2450 1000 2504; x_wconf 65' lang='lat' dir='ltr'>VI.)</span> <span class='ocrx_word' id='word_1_203' title='bbox 1047 2464 1182 2502; x_wconf 87' lang='lat' dir='ltr'>neque</span> <span class='ocrx_word' id='word_1_204' title='bbox 1227 2463 1294 2489; x_wconf 83' lang='lat' dir='ltr'>ars</span> <span class='ocrx_word' id='word_1_205' title='bbox 1341 2448 1605 2500; x_wconf 78' lang='lat' dir='ltr'>explanatur,</span> <span class='ocrx_word' id='word_1_206' title='bbox 1654 2448 1686 2486; x_wconf 86' lang='lat' dir='ltr'>si</span> 
     </span>
     <span class='ocr_line' id='line_1_26' title="bbox 134 2517 1685 2575; baseline -0.004 -12"><span class='ocrx_word' id='word_1_207' title='bbox 134 2523 226 2575; x_wconf 86' lang='lat' dir='ltr'>quis</span> <span class='ocrx_word' id='word_1_208' title='bbox 268 2537 356 2562; x_wconf 88' lang='lat' dir='ltr'>rem</span> <span class='ocrx_word' id='word_1_209' title='bbox 394 2523 715 2562; x_wconf 81' lang='lat' dir='ltr'>minutissimam</span> <span class='ocrx_word' id='word_1_210' title='bbox 755 2521 947 2561; x_wconf 87' lang='lat' dir='ltr'>Persium</span> <span class='ocrx_word' id='word_1_211' title='bbox 988 2520 1233 2560; x_wconf 80' lang='lat' dir='ltr'>observasse</span> <span class='ocrx_word' id='word_1_212' title='bbox 1273 2520 1314 2558; x_wconf 88' lang='lat' dir='ltr'>in</span> <span class='ocrx_word' id='word_1_213' title='bbox 1356 2532 1546 2558; x_wconf 89' lang='lat' dir='ltr'>sermone</span> <span class='ocrx_word' id='word_1_214' title='bbox 1580 2517 1685 2557; x_wconf 92' lang='lat' dir='ltr'>bene</span> 
     </span>
     <span class='ocr_line' id='line_1_27' title="bbox 133 2589 1685 2645; baseline -0.003 -13"><span class='ocrx_word' id='word_1_215' title='bbox 133 2592 356 2633; x_wconf 84' lang='lat' dir='ltr'>formando</span> <span class='ocrx_word' id='word_1_216' title='bbox 391 2593 591 2645; x_wconf 75' lang='lat' dir='ltr'>exemplis</span> <span class='ocrx_word' id='word_1_217' title='bbox 626 2592 845 2632; x_wconf 85' lang='lat' dir='ltr'>confirmat</span> <span class='ocrx_word' id='word_1_218' title='bbox 878 2590 1050 2631; x_wconf 87' lang='lat' dir='ltr'>talibus:</span> <span class='ocrx_word' id='word_1_219' title='bbox 1089 2589 1168 2640; x_wconf 73' lang='lat' dir='ltr'>„ad</span> <span class='ocrx_word' id='word_1_220' title='bbox 1197 2589 1448 2629; x_wconf 78' lang='lat' dir='ltr'>infinitivum</span> <span class='ocrx_word' id='word_1_221' title='bbox 1471 2596 1685 2640; x_wconf 85' lang='lat' dir='ltr'>tamquam</span> 
     </span>
     <span class='ocr_line' id='line_1_28' title="bbox 135 2658 1686 2714; baseline -0.003 -12"><span class='ocrx_word' id='word_1_222' title='bbox 135 2662 188 2702; x_wconf 90' lang='lat' dir='ltr'>ad</span> <span class='ocrx_word' id='word_1_223' title='bbox 233 2662 539 2702; x_wconf 84' lang='lat' dir='ltr'>substantivum</span> <span class='ocrx_word' id='word_1_224' title='bbox 586 2662 777 2714; x_wconf 79' lang='lat' dir='ltr'>adiungit</span> <span class='ocrx_word' id='word_1_225' title='bbox 820 2675 1052 2714; x_wconf 88' lang='lat' dir='ltr'>pronomen</span> <span class='ocrx_word' id='word_1_226' title='bbox 1099 2661 1163 2700; x_wconf 81' lang='lat' dir='ltr'>vel</span> <span class='ocrx_word' id='word_1_227' title='bbox 1203 2659 1481 2699; x_wconf 51' lang='lat' dir='ltr'>adiectivunw</span> <span class='ocrx_word' id='word_1_228' title='bbox 1526 2658 1686 2710; x_wconf 69' lang='lat' dir='ltr'>(Heck-</span> 
     </span>
     <span class='ocr_line' id='line_1_29' title="bbox 134 2728 1686 2787; baseline -0.004 -14"><span class='ocrx_word' id='word_1_229' title='bbox 134 2747 294 2773; x_wconf 89' lang='lat' dir='ltr'>manns.</span> <span class='ocrx_word' id='word_1_230' title='bbox 328 2747 365 2785; x_wconf 89' lang='lat' dir='ltr'>p.</span> <span class='ocrx_word' id='word_1_231' title='bbox 392 2735 472 2787; x_wconf 80' lang='lat'>13.)</span> <span class='ocrx_word' id='word_1_232' title='bbox 514 2747 590 2772; x_wconf 90' lang='lat' dir='ltr'>nec</span> <span class='ocrx_word' id='word_1_233' title='bbox 630 2739 806 2785; x_wconf 88' lang='lat' dir='ltr'>possunt</span> <span class='ocrx_word' id='word_1_234' title='bbox 834 2732 970 2772; x_wconf 91' lang='lat' dir='ltr'>Persii</span> <span class='ocrx_word' id='word_1_235' title='bbox 1004 2732 1083 2770; x_wconf 85' lang='lat' dir='ltr'>arti</span> <span class='ocrx_word' id='word_1_236' title='bbox 1116 2736 1156 2769; x_wconf 91' lang='lat' dir='ltr'>et</span> <span class='ocrx_word' id='word_1_237' title='bbox 1189 2731 1357 2782; x_wconf 81' lang='lat' dir='ltr'>ingenio</span> <span class='ocrx_word' id='word_1_238' title='bbox 1393 2728 1686 2781; x_wconf 80' lang='lat' dir='ltr'>cognoscendo</span> 
     </span>
     <span class='ocr_line' id='line_1_30' title="bbox 115 2800 1686 2862; baseline -0.003 -19"><span class='ocrx_word' id='word_1_239' title='bbox 115 2803 379 2862; x_wconf 52' lang='lat' dir='ltr'>⁴satisfacere</span> <span class='ocrx_word' id='word_1_240' title='bbox 401 2802 683 2854; x_wconf 82' lang='lat' dir='ltr'>Eichenbergi</span> <span class='ocrx_word' id='word_1_241' title='bbox 708 2803 910 2842; x_wconf 89' lang='lat' dir='ltr'>sermonis</span> <span class='ocrx_word' id='word_1_242' title='bbox 935 2800 1137 2841; x_wconf 88' lang='lat' dir='ltr'>cotidiani</span> <span class='ocrx_word' id='word_1_243' title='bbox 1159 2808 1198 2840; x_wconf 84' lang='lat' dir='ltr'>et</span> <span class='ocrx_word' id='word_1_244' title='bbox 1221 2806 1564 2839; x_wconf 84' lang='lat' dir='ltr'>ornamentorum</span> <span class='ocrx_word' id='word_1_245' title='bbox 1586 2800 1686 2838; x_wconf 85' lang='lat' dir='ltr'>artis</span> 
     </span>
     <span class='ocr_line' id='line_1_31' title="bbox 133 2870 1688 2922; baseline -0.003 -9"><span class='ocrx_word' id='word_1_246' title='bbox 133 2873 368 2914; x_wconf 88' lang='lat' dir='ltr'>rhetoricae</span> <span class='ocrx_word' id='word_1_247' title='bbox 401 2873 573 2914; x_wconf 84' lang='lat' dir='ltr'>indices.</span> <span class='ocrx_word' id='word_1_248' title='bbox 628 2873 762 2913; x_wconf 84' lang='lat' dir='ltr'>Multo</span> <span class='ocrx_word' id='word_1_249' title='bbox 795 2872 942 2912; x_wconf 85' lang='lat' dir='ltr'>melius</span> <span class='ocrx_word' id='word_1_250' title='bbox 966 2873 1050 2911; x_wconf 87' lang='lat' dir='ltr'>iam</span> <span class='ocrx_word' id='word_1_251' title='bbox 1074 2878 1197 2911; x_wconf 87' lang='lat' dir='ltr'>antea</span> <span class='ocrx_word' id='word_1_252' title='bbox 1220 2870 1387 2911; x_wconf 78' lang='lat' dir='ltr'>Jahnus</span> <span class='ocrx_word' id='word_1_253' title='bbox 1412 2871 1688 2922; x_wconf 85' lang='lat' dir='ltr'>inquisiverat</span> 
     </span>
    </p>
   </div>
  </div>
 </body>
</html>
