1944 3226
244 260 295 297 36
1469 255 1798 310 111,16‚27,34.

241 374 458 427 pueriliter
501 372 708 412 formatus
754 378 817 412 est
856 386 1005 423 sermo,
1053 378 1098 412 ut
1138 373 1316 424 primum
1358 374 1499 412 statim
1534 374 1595 413 ori
1627 373 1802 414 infantis

242 446 402 484 incerto
455 445 648 495 imputes.
711 441 905 495 Accedit,
959 442 1071 494 quod
1127 444 1297 483 omnino
1355 443 1480 483 latior
1527 445 1715 484 extitisse
1759 445 1800 484 in

242 515 401 566 volgari
453 512 620 553 videtur
672 518 797 565 atque
851 512 1066 553 cotidiano
1120 527 1312 553 sermone
1368 514 1440 553 illa
1487 514 1547 553 vis
1595 513 1803 554 vocabuli.

242 585 440 637 ‚,Minuti·'“
495 584 605 623 enim
658 582 836 622 audiunt
887 584 1024 635 pisces
1078 583 1192 635 apud
1236 583 1483 623 Terentium
1535 583 1670 624 Andr.
1707 587 1803 636 369,

245 654 357 696 Suet.
379 654 488 706 Aug.
510 657 573 693 76.
627 653 954 705 „Minutulos“
978 659 1208 706 procurant
1231 667 1383 706 pueros
1408 653 1594 694 infantes
1618 656 1802 695 nutrices

244 725 355 778 apud
388 724 585 764 Plautum
626 723 748 765 Poen.
781 726 846 765 28.
911 724 965 763 Di
1001 723 1296 764 discernuntur
1329 725 1492 776 „magni
1526 726 1728 764 minuti“
1760 726 1802 765 in

245 795 345 836 Cist.
371 798 465 835 522.
520 794 576 834 Et
599 794 834 847 Cyprianus
860 797 955 846 384,
980 797 1052 834 25:
1088 795 1272 845 „minuta
1304 795 1563 834 mittentem“
1597 794 1805 847 significat

244 880 457 906 nummum
481 866 710 916 minimum,
738 863 949 905 Graecum
972 865 1118 905 λεπτὸν
1140 865 1374 918 νόμισ,ιια.1)
1416 863 1512 917 Qua
1534 866 1574 905 in
1599 867 1803 906 varietate

244 951 325 977 non
373 942 435 976 est
480 934 664 986 dubium,
711 936 811 988 quin
857 941 1045 975 nostrum
1091 949 1259 988 quoque
1299 937 1555 987 „minutum“
1596 937 1637 976 in
1673 936 1804 976 cellae

243 1020 466 1060 parvorum
513 1019 705 1046 sermone
750 1006 911 1057 volgari
949 1006 1086 1045 locum
1128 1006 1322 1046 habuerit
1356 1013 1396 1046 et
1427 1006 1720 1059 glossographi
1752 1006 1803 1046 II

247 1080 339 1128 129,
384 1079 439 1117 45
484 1078 700 1129 λεπτάριον
744 1076 815 1131 (cf.
854 1077 1108 1130 λεπτομερὴς
1140 1076 1307 1129 11359,
1347 1077 1421 1130 40)
1469 1078 1679 1130 ἐλάχιστον
1723 1077 1806 1117 huo

244 1162 411 1200 quoque
457 1153 659 1200 spectent.
722 1147 780 1187 Et
824 1148 857 1186 si
903 1153 1143 1187 nostrorum
1188 1147 1288 1187 licet
1331 1148 1489 1187 imitari
1534 1147 1805 1187 titubantiam

244 1219 429 1270 linguae:
477 1218 660 1269 „kleines
694 1231 860 1270 pappen
896 1251 903 1259 .
938 1251 945 1259 .
980 1220 1010 1257 .“
1043 1231 1119 1270 pro
1153 1217 1252 1269 „das
1286 1232 1367 1257 von
1403 1217 1477 1258 der
1509 1217 1664 1258 Amme
1694 1204 1803 1258 Vor-

243 1288 423 1341 gekaute
463 1288 599 1328 haben
640 1288 812 1328 wollen“
853 1289 980 1328 etiam
1018 1288 1225 1328 infantem
1258 1287 1502 1328 Romanum
1538 1290 1598 1329 sic
1631 1288 1804 1329 effatum

245 1360 420 1411 cogitari
457 1365 610 1412 potest.

366 1444 429 1483 27.
482 1441 577 1493 „Au
624 1441 773 1481 deceat
816 1442 1058 1494 pulmonem
1104 1455 1298 1494 rumpere
1337 1443 1506 1481 ventis“.
1562 1443 1805 1494 „rumpere“

244 1511 450 1552 vocabulo
492 1513 788 1552 concitationis
829 1513 957 1551 animi
992 1512 1207 1564 fastigium
1243 1511 1438 1552 denotari
1472 1512 1580 1552 solet
1612 1526 1805 1553 sermone

243 1584 402 1635 volgari
427 1582 639 1637 (conferas
663 1582 901 1623 Heinzeum
924 1582 979 1622 ad
1002 1582 1170 1625 Lucret.
1193 1585 1231 1634 3,
1253 1584 1368 1637 297).
1416 1582 1626 1632 „Findor2‘
1655 1582 1804 1623 eodem

246 1668 368 1693 sensu
404 1668 529 1706 supra
562 1653 815 1694 adhibuerat
846 1660 974 1706 poeta
1002 1653 1056 1708 (13,
1083 1656 1135 1708 9).
1191 1652 1274 1694 Sed
1300 1659 1345 1693 ut
1368 1652 1541 1694 Lucreti
1569 1659 1806 1707 „pectora

244 1728 463 1776 rumpere⁴⁴
508 1724 558 1764 de
598 1723 789 1764 leonibus
824 1725 895 1777 qui
934 1730 1099 1764 tantum
1137 1723 1300 1764 roboris
1335 1738 1435 1777 prae
1476 1738 1519 1764 se
1558 1724 1716 1775 ferunt,
1760 1731 1808 1765 ut

244 1795 415 1834 fremitu
446 1800 656 1847 pectora
688 1808 883 1847 rumpere
915 1795 1150 1847 videantur,
1189 1796 1321 1847 magis
1360 1801 1401 1835 et
1433 1796 1598 1847 egregie
1633 1795 1806 1847 dictum,

246 1867 305 1905 sic
321 1867 448 1905 etiam
464 1865 576 1918 apud
592 1865 783 1905 Persium
800 1867 842 1905 in
858 1867 1071 1918 arroganti
1088 1865 1159 1919 (cf.
1173 1865 1319 1920 schol.)
1336 1865 1505 1906 homine
1521 1865 1804 1906 describendo

247 1942 371 1989 atque
397 1935 591 1988 superbia
615 1935 776 1976 tumido
802 1937 1017 1989 pigmenta
1040 1937 1269 1989 conspicua
1298 1942 1394 1977 sunt
1419 1935 1595 1976 artificio
1620 1935 1807 1977 obducta

246 2008 377 2058 magis
402 2020 527 2059 quam
552 2008 680 2046 nativi
705 2007 879 2048 colores.
934 2005 1106 2047 Scilicet
1134 2007 1398 2060 „pulmonem
1422 2021 1617 2060 rumpere
1639 2008 1800 2047 ventis“

248 2077 297 2117 de
338 2077 505 2117 homine
544 2078 615 2117 illo
655 2076 801 2117 inflato
835 2079 935 2117 item
968 2077 1144 2117 ridicule
1179 2084 1269 2118 erat
1302 2077 1460 2117 dictum
1494 2083 1539 2117 ut
1576 2081 1800 2130 „pectora“

248 2147 298 2187 de
331 2149 452 2188 leone
486 2148 672 2188 honeste.

367 2233 431 2271 34.
489 2230 744 2281 „Demersus
769 2245 930 2270 summa
952 2245 1095 2271 rursus
1124 2245 1205 2271 non
1234 2230 1385 2271 bullit
1410 2232 1452 2270 in
1475 2230 1630 2272 unda&
1682 2230 1806 2271 Licet

248 2301 314 2340 hic
336 2302 486 2340 iterum
512 2302 751 2341 examinare
774 2301 910 2341 Persii
935 2301 1295 2341 consuetudinem.
1339 2300 1610 2341 Vocabulum
1633 2300 1806 2353 „bullit“

248 2380 310 2411 est
326 2373 740 2424 onomatopoeticum
757 2371 869 2424 quod
887 2371 1075 2423 dicimus,
1100 2377 1239 2412 aetate
1256 2372 1387 2412 latina
1401 2372 1618 2423 vetustius,
1634 2385 1731 2411 nam
1745 2371 1800 2411 ad

247 2441 634 2494 indogermanicam
658 2444 831 2494 stirpem
853 2442 1021 2482 reduxit
1044 2442 1359 2482 Iohannsonius
1382 2441 1451 2484 Zs.
1467 2442 1494 2482 f.
1515 2442 1593 2494 vgl.
1619 2441 1800 2494 Sprach-

248 2512 429 2564 forschg.
464 2516 535 2564 36,
573 2515 667 2553 363.
719 2519 878 2565 quaest.
919 2512 1059 2565 indog.
1104 2515 1173 2565 14,
1216 2516 1311 2554 329.
1376 2512 1500 2554 Certe
1546 2519 1637 2552 erat
1679 2514 1720 2552 in
1759 2526 1804 2553 re

248 2583 421 2635 physica
460 2585 560 2623 artis
599 2583 867 2624 vocabulum:
907 2585 988 2631 ζέω
1020 2584 1144 2636 gloss.
1168 2583 1242 2623 IH
1269 2586 1439 2635 255,11
1478 2584 1802 2636 Ζεειεπιθερμου

249 2653 296 2692 Π
321 2656 420 2705 322,
452 2656 474 2693 9
522 2660 655 2694 scatet
703 2654 1094 2707 (hervorsprudeln)
1145 2654 1280 2694 fervet
1314 2654 1352 2693 V
1368 2655 1470 2706 404,
1503 2657 1576 2704 223
1619 2657 1719 2705 272,
1747 2655 1803 2694 44

250 2722 419 2763 deinde:
455 2725 660 2778 ἁναπηὸῶ
694 2724 884 2777 Martyrii
918 2725 968 2765 de
998 2724 1047 2766 B.
1072 2732 1113 2765 et
1135 2725 1187 2767 V.
1212 2723 1309 2766 GL.
1328 2724 1420 2764 VH
1447 2726 1541 2776 195,
1568 2727 1586 2764 1
1614 2723 1669 2764 K.

372 2875 394 2916 ¹)
411 2875 515 2907 Mitto
532 2876 640 2908 affere
657 2876 947 2918 apographorum
963 2877 997 2908 in
1014 2877 1182 2909 Petronio
1195 2876 1250 2917 32,
1263 2877 1297 2909 1:
1314 2876 1574 2917 „minutissima
1590 2875 1800 2908 cervicalia“

251 2933 452 2966 lectionem.
497 2933 678 2967 Benevole
705 2935 946 2968 coniecturam
971 2947 1069 2968 suam
1095 2947 1235 2968 mecum
1261 2935 1540 2968 communicavit
1560 2933 1605 2967 K.
1622 2933 1810 2966 Meister>

251 3003 342 3024 nunc
370 2992 628 3025 Berolinensis:
659 2994 945 3033 „1nu11dissima“.
990 2994 1034 3026 cf.
1054 2994 1291 3036 XVeymann.
1320 2993 1451 3036 BphW
1474 2994 1575 3034 1907,
1596 2993 1674 3025 294.
