1944 3226
95 167 548 219 I,sr,103,119‚132.
1589 166 1641 202 ‘29

94 284 127 323 si
149 283 274 322 homo
299 282 515 323 Romanus
539 283 562 322 i.
585 295 617 321 e.
640 281 768 320 virilis
793 280 882 321 κατ’
906 280 1055 333 ἐξοχὴν
1078 279 1271 332 pathicus
1297 284 1370 319 est.
1417 278 1468 318 cf.
1493 277 1644 320 Catull.

95 355 160 404 29,
185 355 229 392 5:
271 351 469 402 „cinaede
502 351 694 402 Romule,
729 351 832 390 haec
868 348 1029 389 videbis
1063 356 1103 389 et
1135 347 1301 389 ΪΘΓΘΞῬΤί
1368 348 1481 388 Malo
1516 348 1643 388 verbo

95 436 190 462 usus
233 428 296 462 est
327 435 489 461 morum
523 422 750 473 castigator
783 428 926 460 noster
957 419 1217 471 indignatus,
1257 418 1329 458 sed
1362 417 1476 458 haud
1508 420 1643 458 minus

93 491 381 532 delectabatur
404 491 547 531 rhetor
579 490 785 531 antitheto
812 504 899 542 suo,
933 491 1089 542 quippe
1123 489 1235 542 quod
1272 495 1421 528 natura
1455 489 1644 528 innatum

92 564 145 602 sit
179 561 316 613 rebus,
350 575 430 602 non
466 562 518 601 sit
551 567 596 600 ut
626 561 793 600 illorum
828 561 993 599 innanis
1025 558 1249 599 'verborum
1283 559 1469 599 tinnitus.

208 631 357 684 Neque
410 637 550 671 tamen
603 630 827 682 „cinaedus
873 632 940 670 es“
985 630 1162 681 scripsit,
1217 628 1291 669 sed
1337 631 1503 680 „ceves“
1544 642 1643 668 sane

91 702 253 749 fortius,
298 707 343 741 ut
381 702 500 753 quasi
539 708 657 740 actus
695 701 785 753 ipse
822 705 1071 751 cerneretur,
1112 705 1158 739 ut
1190 700 1290 738 artis
1326 700 1412 738 eius
1446 712 1536 738 mos
1571 705 1643 739 est.

212 774 304 812 103.
350 773 407 823 „si
452 771 679 811 testiculi
723 784 830 810 Vena
874 770 960 810 ulla
996 771 1161 822 paterni
1200 770 1359 808 viveret
1397 770 1437 808 in
1485 768 1644 809 nobis“.

92 841 297 882 Horatius
323 855 405 881 non
430 855 600 894 prorsus
625 841 748 880 simili
771 841 865 880 loco
891 854 953 892 ep.
972 842 1034 891 15,
1054 842 1125 879 12:
1151 853 1269 890 „nam
1287 840 1320 878 si
1337 838 1473 891 qnid“,
1497 840 1643 891 inquit,

91 912 155 964 „in
179 912 334 952 Flacco
357 913 544 952 virist“.
584 911 729 951 Persio
755 910 990 961 indignatio
1014 909 1116 949 fecit
1138 908 1278 950 verba.
1319 907 1404 949 Sed
1429 908 1642 961 quomodo

91 983 223 1022 lector
260 982 477 1022 Romanus
516 981 622 1021 haec
664 982 894 1033 acceperit,
935 988 979 1020 ut
1016 981 1265 1032 perspicias,
1306 993 1403 1019 usus
1443 978 1642 1031 loquendi

91 1059 257 1092 saturae
281 1052 377 1092 inde
401 1066 425 1091 a
447 1053 586 1104 prisca
609 1051 831 1091 comoedia
855 1056 943 1091 erat
966 1052 1083 1090 trita:
1111 1049 1332 1102 Aristoph.
1351 1049 1524 1102 Lysistr.
1543 1052 1644 1089 661:

91 1124 195 1168 ὅςτις
232 1122 266 1175 γ’
302 1123 480 1175 ἐνόρχης
519 1122 595 1163 ἔστ’
637 1123 752 1174 ἀνήρ.
825 1121 874 1161 111
914 1121 1055 1172 lingua
1093 1121 1224 1160 latina
1264 1126 1403 1160 autem
1444 1118 1645 1159 extabant

92 1193 202 1245 apud
220 1194 423 1246 populum
440 1192 669 1243 „testiculi-'⁴
684 1206 788 1232 voce
808 1191 1064 1231 sordidiora:
1093 1192 1149 1242 „si
1175 1191 1345 1231 coleos
1370 1189 1644 1229 haberemus-⁴

91 1263 481 1316 (Petron.44,14,
527 1273 686 1315 saepp.)
735 1263 796 1302 vel
847 1263 1094 1314 „polimina,
1147 1261 1419 1313 polimenta“.
1478 1260 1645 1313 (Keller

91 1339 311 1373 comment.
334 1347 504 1386 gramm.
529 1348 565 1386 p.
595 1334 702 1386 182.)
767 1330 887 1384 Quae
921 1331 974 1371 ad
1006 1331 1150 1371 infima
1189 1331 1352 1371 Persius
1387 1330 1643 1370 descendere

89 1405 146 1443 ita
193 1404 325 1444 noluit
370 1410 415 1443 ut
448 1403 603 1445 Catulli
649 1402 830 1443 delicato
879 1401 1083 1442 vocabulo
1130 1403 1206 1441 uti:
1256 1401 1472 1453 „gemelli·‘
1511 1404 1576 1451 57,
1608 1402 1643 1440 6.

91 1473 160 1527 (cf.
195 1474 317 1525 gloss.
352 1474 535 1513 testiculi
582 1474 745 1526 δίδυμοι
790 1473 937 1527 ὄρχις).
999 1472 1057 1512 Et
1090 1486 1215 1524 quam
1255 1472 1446 1524 quaesite
1482 1471 1641 1523 posuit:

95 1545 302 1593 „testiculi
334 1558 458 1584 vena
490 1544 731 1583 viveretl⁴⁴

211 1617 304 1655 119.
360 1614 480 1665 „Men
515 1615 683 1654 muttire
718 1613 877 1664 nefas“,
912 1612 1104 1653 conferas
1138 1612 1355 1652 Heraeum
1391 1626 1429 1664 p.
1456 1614 1518 1653 15.
1579 1611 1645 1651 Ex

89 1685 243 1724 leviore
283 1684 463 1737 quadam
505 1684 672 1725 dicendi
714 1683 1018 1724 consuetudine
1054 1682 1223 1723 fluxisse
1260 1688 1437 1722 constat.
1501 1680 1643 1734 Quare

91 1762 135 1794 ut
168 1754 483 1796 Ciceroniarum
524 1755 795 1807 epistularum
837 1755 932 1794 stilo
972 1753 1084 1793 haud
1125 1752 1342 1805 indignum
1383 1754 1422 1792 in
1465 1752 1644 1804 epistula

91 1825 143 1865 ad
176 1824 514 1877 Att.XI[1,52,
547 1839 622 1878 pro
661 1839 768 1874 ..non
798 1826 999 1864 mutavit“
1036 1825 1077 1863 in
1111 1829 1270 1863 textum
1304 1824 1525 1863 restituere
1561 1836 1641 1862 non

91 1895 356 1935 dubitaverat
395 1895 709 1936 Hirschfeldius
754 1895 940 1935 Hermae
975 1894 1188 1948 5.(1871.)
1206 1896 1308 1943 2993
1355 1900 1641 1933 verumtamen

91 1966 198 2005 hanc
231 1966 454 2006 lectionem
488 1973 634 2005 contra
668 1965 861 2006 codicum
898 1966 1190 2005 auctoritatem
1226 1977 1300 2003 suo
1334 1965 1422 2003 iure
1455 1965 1642 2015 recipere

91 2037 314 2076 noluerunt
343 2037 557 2076 novissimi
587 2036 769 2076 editores
795 2035 1023 2088 Tyrrellius
1049 2040 1089 2074 et
1112 2034 1267 2074 Purser
1289 2033 1419 2086 Angli
1444 2033 1526 2087 (ed.
1551 2048 1643 2086 epp.

91 2105 177 2148 Cic.
193 2106 326 2147 voLV.
349 2121 386 2159 p.
406 2108 530 2161 187.).
562 2106 711 2159 Neque
727 2120 824 2146 vero
851 2106 1065 2146 meliorem
1082 2105 1231 2145 maluit
1245 2104 1416 2144 Persius
1441 2118 1642 2156 usurpare

90 2190 234 2217 vocem
250 2191 356 2229 „non
372 2179 536 2217 tacere“
552 2177 616 2216 vel
632 2177 840 2228 „hiscere“
854 2175 1131 2229 (HeraeusLI.
1148 2173 1643 2215 Krebsius-Schmalzius

90 2246 423 2287 Antibarbarus7
448 2250 571 2287 1907.
594 2247 654 2287 II.
676 2261 714 2299 p.
742 2248 868 2300 117.)v
887 2260 1011 2299 quam
1041 2245 1195 2285 Lucilii
1230 2259 1272 2285 se
1308 2251 1524 2297 praestare
1553 2245 1643 2283 imi-

90 2324 280 2369 tatorem,
304 2318 375 2370 qui
398 2318 653 2357 simillimum
675 2318 716 2356 in
742 2316 913 2357 modum
928 2330 963 2356 v.
979 2319 1080 2357 426:
1110 2329 1218 2365 „non
1239 2314 1410 2354 laudare
1430 2314 1643 2354 hominem

91 2402 341 2440 quemquam
376 2402 510 2440 neque
542 2402 617 2427 mu
651 2388 820 2427 facere
854 2388 1051 2440 inquam⁴⁶
1089 2388 1216 2426 etiam
1254 2387 1391 2425 minus
1431 2385 1644 2436 eleganter

91 2457 255 2497 dixerat
282 2472 405 2511 quam
431 2465 493 2498 est
520 2459 754 2509 „muttire“,
788 2457 900 2510 quod
935 2471 1029 2497 cum
1063 2471 1112 2496 ne
1136 2456 1357 2496 Terentius
1392 2454 1560 2507 quidem
1591 2456 1644 2494 sit

91 2535 350 2580 aspernatus,
382 2529 590 2580 pessimae
625 2528 941 2568 consuetudinis
977 2528 1106 2567 fuisse
1143 2527 1299 2578 nequit.
1356 2525 1642 2577 inelegantius

91 2605 203 2638 certe
217 2604 306 2638 erat
319 2599 444 2638 etiam
457 2598 626 2638 auribus
636 2598 925 2638 Romanorum
935 2595 1642 2647 PlautiRudioae:„n1ussitab0“.

211 2671 304 2708 132.
363 2667 441 2709 Oui
475 2668 587 2721 apud
620 2669 846 2708 Horatium
884 2682 1003 2708 serm.
1030 2670 1065 2719 1,
1090 2670 1125 2717 3,
1152 2669 1244 2707 134.
1278 2667 1437 2706 vellunt
1468 2665 1640 2706 barbam

95 2739 302 2786 ..lascivi
327 2740 492 2791 pueri⁴‘
522 2738 679 2789 Stoico,
707 2740 968 2787 ‚.n0naria⁴‘
996 2737 1108 2789 apud
1133 2736 1337 2788 Persium,
1361 2750 1460 2776 sane
1480 2744 1524 2775 ut
1543 2735 1642 2775 ridi-

91 2809 224 2848 culam
243 2815 283 2848 et
298 2808 496 2848 lascivam
512 2810 593 2848 vim
610 2810 734 2848 etiam
753 2814 934 2860 augeant
950 2808 1173 2857 contraria,
1190 2808 1213 2846 i.
1231 2821 1262 2846 e.
1280 2807 1313 2846 si
1328 2806 1471 2846 videas
1488 2820 1641 2858 „mere-

91 2880 204 2918 tricis
238 2892 407 2918 manum
444 2878 667 2918 delicatam
702 2878 943 2931 philosophi
979 2876 1153 2917 barbam
1190 2878 1438 2917 tenentem“.
1475 2876 1639 2929 (schol.)
