1944 3226
209 162 271 226 {s
1527 182 1688 234 V1‚72,
1708 185 1771 223 73.

217 316 332 343 more
373 316 447 342 suo
488 301 540 341 ad
582 301 809 341 dictionem
852 301 974 340 nimis
1010 300 1281 340 artificiosam
1315 313 1364 340 ac
1398 299 1613 340 difficilem
1648 313 1774 352 quam

221 379 264 413 ut
299 373 472 425 dialogov
496 373 625 412 fuerit
654 379 763 424 apta.
819 370 1014 411 Ceterum
1039 376 1128 411 toto
1153 371 1246 411 loco
1271 384 1353 411 non
1377 376 1440 410 est
1462 370 1774 411 interlocutoris

220 457 369 487 sermo,
404 442 476 483 sed
511 443 694 482 auctoris
728 456 795 482 ars
830 442 1068 494 conspicua.
1122 440 1233 481 Nam
1266 448 1433 494 reputes
1468 454 1624 493 quaeso
1649 454 1775 493 quam

220 528 301 554 non
343 513 545 553 defecerit
585 512 780 552 brevitati
821 512 996 552 consilio
1043 520 1083 551 et
1126 519 1214 551 arte
1252 511 1536 551 instituendae
1574 510 1777 551 facundia

220 593 388 637 poetam
411 597 620 636 quamque
641 584 787 635 paucis
805 581 944 622 verbis
967 583 1133 635 copiam
1154 596 1291 621 rerum
1309 583 1532 634 vivamque
1549 583 1776 634 imaginem

219 656 408 707 posuerit
441 668 516 694 sua
548 655 679 707 ipsius
712 653 1002 705 indignatione
1038 652 1250 692 refertam.

337 725 405 764 Ac
452 739 502 765 ne
536 726 728 777 proxima
763 723 931 776 quidem
973 724 1086 763 omni
1127 730 1215 763 arte
1256 729 1411 764 carent.
1473 721 1584 762 Nam
1619 723 1696 763 etsi
1733 723 1776 762 in

221 795 348 835 dubio
389 795 648 848 relinquitur.
695 809 745 835 an
788 796 922 834 macie
963 794 1200 834 confectum
1250 807 1401 846 corpus
1447 801 1573 845 atque
1612 792 1777 833 aridum

221 867 346 906 etiam
383 865 495 918 apud
534 867 735 919 populum
770 865 950 905 audierit
983 867 1166 916 „trama”
1200 889 1253 892 —
1288 865 1321 904 si
1362 877 1443 903 non
1485 869 1575 904 erat
1613 865 1652 903 in
1689 877 1777 914 usu,

222 939 401 977 maxime
436 950 576 976 rursus
611 937 821 988 egregium
852 935 1055 975 habemus
1084 934 1271 974 Persium
1297 935 1501 974 sermonis
1525 933 1776 973 dictatorem

223 1032 275 1036 ——
311 1009 411 1047 satis
444 1014 575 1047 restat
609 1006 786 1046 artificii.
843 1005 927 1048 Sed
958 1012 1020 1046 est
1052 1007 1231 1058 primum
1261 1004 1360 1057 quid
1390 1006 1443 1045 sit
1465 1011 1623 1044 trama
1648 1004 1777 1057 expli-

223 1078 414 1120 candum.
478 1077 677 1118 Tractum
713 1086 854 1117 autem
888 1084 951 1116 est
984 1090 1007 1116 a
1040 1075 1314 1116 muliebribus
1349 1076 1441 1115 telis
1477 1074 1640 1128 (schol.)
1686 1073 1779 1114 Nec

222 1156 362 1188 tamen
404 1148 511 1188 adeo
559 1147 637 1188 sibi
683 1149 922 1188 constitisse
960 1146 1127 1187 videtur
1164 1147 1337 1198 propria
1375 1147 1436 1186 vis
1481 1145 1688 1195 vocabuli,
1736 1151 1780 1184 ut

222 1221 471 1272 interpretes
507 1228 545 1259 et
579 1226 741 1259 veteres
775 1226 815 1258 et
849 1220 945 1258 novi
980 1217 1242 1258 dissentiant.
1295 1216 1604 1256 Acuratissime
1639 1223 1778 1256 autem

223 1304 308 1329 rem
328 1291 541 1342 perspexit
558 1288 1090 1342 Marquardtius-Mauius‘2
1110 1291 1332 1340 p.524sq.:
1358 1286 1509 1335 „Wird
1527 1286 1602 1327 der
1617 1287 1780 1326 hintere

226 1359 374 1401 Schaft
408 1360 499 1413 (des
524 1359 792 1409 YVebstuhls‘)
818 1366 1019 1412 getreten,
1054 1373 1099 1398 so
1134 1357 1233 1398 hebt
1261 1358 1349 1398 sich
1378 1357 1451 1398 der
1472 1357 1661 1409 vordere,
1696 1356 1781 1397 und

225 1430 290 1471 die
326 1433 417 1471 eine
452 1431 601 1471 Ha'lfte
637 1431 710 1470 der
743 1430 875 1470 Kette
909 1430 1007 1482 geht
1042 1429 1149 1469 nach
1190 1436 1330 1470 unten.
1376 1428 1442 1468 die
1483 1427 1637 1468 andere
1673 1427 1780 1467 nach

226 1501 344 1541 oben.
410 1502 492 1542 Die
527 1516 571 1542 so
607 1501 885 1541 entstandene
921 1487 1108 1553 (²)ffnung
1141 1499 1215 1539 der
1242 1499 1373 1539 Kette
1408 1498 1523 1539 heisst
1556 1498 1630 1539 das
1663 1498 1781 1539 Fach

225 1572 328 1612 oder
363 1572 436 1612 der
476 1571 662 1625 Sprung.
697 1571 918 1612 lateinisch
959 1579 1094 1611 trama
1134 1570 1170 1612 d.
1204 1570 1241 1610 h.
1274 1570 1456 1610 trahima
1494 1583 1575 1610 von
1615 1569 1781 1610 trahere

226 1634 457 1695 (tragli-ma
496 1642 734 1697 &Valdeusb
767 1642 1003 1695 griechisch
1042 1644 1182 1695 ἤτριον
1228 1655 1306 1681 von
1343 1642 1567 1681 ἀίσσω...
1620 1640 1671 1680 In
1707 1639 1782 1681 das

225 1714 433 1766 geoffnete
457 1714 574 1753 Fach
610 1714 780 1767 (trama)
806 1713 907 1753 vvird
938 1728 1019 1753 nun
1056 1712 1131 1752 der
1154 1711 1515 1764 Einschlagfaden
1550 1710 1782 1763 subtemen,

225 1786 379 1838 κρόκη,
420 1787 555 1838 ῐᾳυᾳή
600 1784 963 1836 eingeschossen.··
1039 1782 1123 1825 Sed
1170 1797 1220 1823 ex
1262 1797 1339 1822 usu
1383 1782 1544 1834 volgari
1589 1783 1675 1821 veri
1721 1788 1784 1822 est

227 1856 360 1895 simile
399 1855 559 1895 factum
601 1870 681 1895 000
716 1855 1088 1907 grammaticorum
1120 1854 1360 1906 ignorantia
1393 1852 1705 1904 tantummodo,
1739 1858 1785 1892 ut

228 1927 366 1966 onmia
413 1934 557 1966 extent
601 1926 780 1978 posthac
826 1926 1014 1965 confusa.
1084 1924 1282 1964 Tramam
1328 1925 1439 1963 enim
1477 1925 1613 1976 ipsum
1652 1923 1783 1963 fuisse

228 1996 445 2037 subtemen
481 1996 749 2036 tradiderunt
781 2010 858 2036 nec
897 1995 1044 2036 Persio
1079 1995 1375 2035 satisfecerunt
1411 1993 1580 2035 Servius
1614 1993 1721 2035 Aen.
1747 1996 1783 2046 3,

228 2070 330 2108 483:
361 2067 477 2107 filum
501 2067 614 2120 quod
637 2068 747 2107 intra
775 2074 935 2107 stamen
962 2067 1100 2112 currit,
1125 2065 1239 2118 quod
1261 2065 1431 2105 Persius
1456 2072 1634 2104 tramam
1658 2063 1782 2115 dixit,

228 2137 392 2178 Nonius
421 2153 458 2190 p.
476 2142 569 2181 149.
597 2140 660 2181 19.
689 2137 881 2178 lsidorus
906 2138 1007 2189 orig.
1034 2140 1098 2188 19,
1124 2139 1188 2180 29,
1216 2140 1236 2176 7
1264 2136 1513 2189 (Bluemner
1544 2135 1725 2177 technol.
1748 2135 1784 2187 1,

229 2223 265 2261 p.
294 2212 385 2250 124.
410 2213 465 2250 4³.
530 2207 644 2261 Quid
668 2208 780 2261 quod
815 2209 939 2248 etiam
974 2209 1016 2247 in
1050 2208 1172 2247 titulo
1205 2206 1468 2259 Pompeiano
1493 2206 1670 2246 confusa
1693 2220 1784 2246 esse

229 2279 424 2319 videntur
447 2288 581 2319 trama
606 2278 824 2319 subtemen
850 2278 948 2319 CIL
967 2278 1034 2318 IV
1054 2281 1163 2318 15οῖ
1182 2282 1251 2330 (ex
1266 2277 1518 2317 Buecheleri
1541 2278 1785 2316 coniectura

231 2348 431 2390 SVPTH
453 2371 507 2384 z
530 2347 806 2405 suptelmenD
842 2350 966 2401 gloss,
993 2348 1041 2388 H
1064 2353 1159 2399 200,
1186 2351 1236 2388 15
1277 2356 1413 2388 trama
1451 2364 1587 2401 κροκη
1620 2348 1783 2402 nodam

231 2420 642 2472 ‹Einsclilagfaden‘).
665 2421 789 2472 gloss.
812 2419 952 2473 Cyrill.
974 2419 1135 2471 11428.
1152 2422 1205 2459 30
1229 2419 1386 2471 ῥοὸάνη
1412 2425 1547 2458 trama
1565 2417 1784 2458 subtemen

231 2502 392 2531 tramen
428 2491 640 2531 (Heraeus
674 2490 786 2531 arch.
810 2490 918 2533 ΧΠ.
944 2493 1028 2544 58).
1091 2490 1238 2542 Ipsum
1272 2496 1413 2529 autem
1446 2488 1561 2528 filum
1594 2494 1785 2528 texturae

232 2561 417 2601 nondum
450 2562 665 2614 perfectae
710 2563 838 2601 immo
884 2560 1185 2613 perficiendae,
1230 2561 1272 2600 in
1313 2560 1494 2612 glomum
1530 2573 1639 2599 nunc
1673 2572 1785 2598 com-

231 2633 444 2684 plicatum.
479 2640 694 2685 spectasse
727 2631 894 2672 videtur
927 2632 1252 2671 commentarius
1287 2631 1501 2682 antiquior
1534 2629 1587 2669 ad
1617 2628 1786 2670 Terent.

233 2702 464 2743 Heautont.
490 2708 525 2744 2.
550 2706 586 2745 3.
615 2706 779 2743 52=v.
804 2704 885 2743 ‘293
918 2700 1067 2743 Schlee
1097 2716 1134 2754 p.
1162 2704 1254 2753 117,
1289 2703 1351 2751 14,
1382 2699 1599 2740 subtemen
1641 2698 1783 2755 nebat]

232 2774 255 2812 i.
281 2788 312 2813 e.
336 2772 404 2812 tila
430 2772 678 2824 deducebat.
705 2772 862 2814 filabat.
887 2772 1000 2825 quod
1032 2774 1073 2812 in
1104 2778 1263 2811 textum
1288 2772 1474 2810 mitteret
1491 2772 1515 2810 i.
1540 2785 1572 2810 e.
1596 2777 1785 2821 tramam,

232 2844 452 2895 panuclas:
498 2844 719 2895 paniculae
766 2851 905 2883 autem
951 2844 1226 2895 πρωτότυπον
1275 2855 1421 2894 panus
1450 2848 1513 2881 est
1551 2839 1786 2894 (Charisius

236 2912 313 2954 GL
338 2913 372 2954 I.
396 2928 433 2965 p.
461 2917 553 2954 105.
579 2917 602 2953 S
627 2914 706 2967 K).
740 2928 874 2966 panus
909 2921 971 2953 est
1003 2912 1151 2965 globus
1186 2911 1432 2952 subteminis
1467 2910 1579 2963 quod
1620 2909 1788 2950 ducitur
