1944 3226
215 204 265 241 10

213 323 338 369 atque
372 317 502 355 multo
537 316 690 354 rectius
725 313 776 353 de
810 312 945 353 Persii
980 317 1068 351 arte
1103 318 1228 363 atque
1260 311 1428 362 ingenio
1462 309 1637 362 viderat,
1674 323 1767 349 cum

213 394 344 427 artem
379 388 466 426 eius
501 386 709 424 mimicam
745 390 869 435 atque
904 383 1110 421 rationem
1143 381 1269 432 illam,
1311 395 1393 433 qua
1426 380 1616 420 homines
1648 380 1767 432 quasi

212 459 399 497 viventes
440 462 481 495 et
520 457 707 506 vigentes
748 462 845 493 ante
880 453 1024 492 oculos
1057 463 1282 504 ponuntur,
1319 452 1470 491 eximio
1506 451 1592 491 eius
1627 450 1766 490 studio

212 526 477 567 tribuendam
519 525 712 577 exposuit
748 524 803 576 (p.
828 522 1072 575 CIV.sqq.).
1138 521 1438 561 Verumtamen
1484 522 1525 561 in
1565 521 1645 560 hoc
1686 534 1766 560 uno

213 599 377 647 erravit,
412 595 521 648 quod
556 595 782 634 Persianae
813 594 967 633 satirae
993 607 1083 632 cum
1109 593 1245 631 mimis
1271 593 1609 632 coniunctionem
1633 591 1766 631 voluit

213 674 407 708 statuere.
439 666 549 706 Nam
566 666 745 718 primum
761 664 930 717 quidem
947 662 1114 715 quidde
1134 664 1197 704 70.
1212 661 1319 715 Lydi
1338 662 1428 702 loco
1450 661 1519 716 (de
1535 663 1766 715 mag.1‚4.):

211 739 393 790 Πέρσιος
424 737 494 777 τὸν
525 736 698 789 ποιητὴν
720 736 939 787 Σώφρονα
967 734 1232 787 μιμήσασθαι
1255 733 1395 773 θέλων
1418 732 1463 772 τὸ
1486 732 1769 785 Λυκόφρονος

211 809 427 862 παρῆλθεν
442 807 635 860 ἀμαυρόν
651 807 703 846 sit
718 804 991 844 iudicandum
1008 805 1117 843 inter
1133 817 1277 843 omnes
1295 808 1478 843 constat:
1495 802 1594 842 nihil
1613 808 1675 842 est
1690 803 1767 842 nisi

214 877 580 919 autoschediasma
606 877 785 916 hominis
811 876 945 915 critici
969 875 1048 914 hac
1071 875 1112 913 in
1137 888 1180 913 re
1205 874 1332 913 semel
1351 872 1577 913 admodum
1595 873 1769 924 sagacis,

212 952 253 990 in
288 950 526 989 universum
558 953 697 987 autem
726 960 872 999 parum
899 946 1073 985 litterati
1098 951 1139 984 et
1162 945 1405 996 ceteroquin
1432 957 1555 996 quem
1580 944 1768 982 novimus

212 1020 440 1071 vaniloqui.
504 1017 671 1058 Deinde
704 1019 795 1069 ipsa
829 1015 1006 1056 artificia
1041 1017 1080 1054 in
1124 1021 1266 1054 satura
1298 1014 1504 1054 Persiana
1543 1014 1770 1066 conspicua

214 1104 323 1130 nnnc
368 1091 522 1129 rectius
570 1090 722 1128 scimus
771 1086 879 1126 unde
927 1087 1129 1138 originem
1171 1084 1378 1124 duxerint.
1447 1083 1622 1124 Influxit
1661 1085 1770 1123 enim

214 1176 234 1201 e
281 1159 465 1201 Graecia
511 1173 592 1199 non
639 1160 775 1198 tenuis
823 1156 994 1209 quidam
1038 1156 1111 1196 sed
1154 1155 1542 1195 abundantissimus
1589 1153 1770 1194 fortasse

213 1233 359 1271 amnis.
423 1230 576 1270 Bionei
622 1230 730 1268 enim
773 1241 986 1268 sermones
1029 1227 1153 1279 (Hor.
1185 1240 1277 1278 epp.
1307 1225 1355 1265 ΙΙ
1386 1225 1527 1279 2,6().)
1568 1230 1771 1277 quantum

213 1303 421 1342 valuerint
463 1302 502 1340 in
545 1306 729 1340 saturam
769 1298 1058 1338 Romanorum
1099 1297 1269 1337 Heinzii
1310 1296 1360 1335 de
1399 1296 1583 1336 Horatio
1624 1294 1772 1335 Bionis

213 1375 425 1412 imitatore
455 1371 590 1412 Bonn.
622 1373 744 1411 1889.
775 1370 1062 1418 dissertationi
1097 1367 1297 1407 debemus
1332 1366 1667 1406 demonstratum
1701 1365 1771 1418 (cf.

215 1446 339 1484 etiam
380 1457 482 1482 mus.
516 1442 650 1482 Rhen.
683 1440 1162 1493 45.<1890.i497sq‹11.j).
1238 1438 1304 1477 Ex
1343 1451 1390 1477 eo
1431 1451 1513 1477 non
1558 1436 1773 1476 desierunt

213 1514 405 1567 patefieri
439 1511 713 1552 diatribarum
750 1526 842 1551 cum
876 1511 1028 1550 saturis
1063 1523 1258 1549 conexus.
1304 1507 1565 1560 Scriptorum
1590 1506 1773 1546 indicem

215 1585 383 1625 exhibet
418 1583 729 1623 Wendlandius
765 1582 814 1621 de
839 1582 1004 1621 cultura
1028 1578 1413 1621 Graeco-Romana
1437 1577 1616 1629 Tubing.
1650 1580 1772 1618 1907.

214 1671 252 1709 p.
273 1659 324 1696 39
338 1669 425 1707 sqq.
450 1654 500 1694 de
521 1654 684 1694 Lucilio
708 1652 840 1692 addas
861 1650 1100 1693 Gerckeum
1123 1664 1224 1691 mus.
1240 1649 1432 1690 Rhenan.
1448 1651 1515 1688 48.
1531 1647 1692 1702 (1893.)
1706 1650 1772 1687 41.

214 1726 468 1778 Nuperrime
503 1724 556 1764 ad
590 1724 664 1764 has
698 1738 762 1763 res
798 1722 902 1762 adiit
936 1720 1195 1761 Geffckenus
1223 1720 1394 1773 Kynica
1425 1721 1559 1770 1909„
1592 1720 1772 1758 maxime

214 1798 407 1849 p.sssqq.
476 1796 538 1835 De
573 1809 725 1847 genere
762 1792 931 1833 dicendi
964 1794 1003 1832 in
1045 1793 1284 1831 universum
1320 1816 1372 1819 —
1408 1789 1503 1829 dico
1544 1789 1774 1829 adversarii

214 1868 323 1907 illius
367 1868 559 1920 ἀόριστον
599 1866 845 1918 πρόςυηον,
893 1863 1155 1915 dialogorum
1200 1860 1586 1914 componendorum
1630 1866 1774 1911 artem,

217 1939 296 1978 alia
323 1937 599 1977 diatribarum
624 1944 843 1976 auctorum
869 1933 1035 1974 dicendi
1061 1933 1236 1973 artificia
1261 1932 1332 1987 (cf.
1350 1932 1513 1972 Heinze
1538 1931 1591 1970 ad
1606 1930 1773 1970 Lucret.

216 2009 290 2049 HI
308 2011 386 2049 931
401 2022 488 2060 sqq.
505 2008 666 2060 p.175.)
690 2032 723 2035 ψ
746 2012 785 2045 et
800 2005 977 2045 VVeberi
1000 2018 1127 2057 opera
1151 2003 1201 2043 de
1221 2002 1409 2044 Senecae
1432 2001 1600 2041 dicendi
1621 2014 1774 2053 genere

216 2079 380 2119 Bioneo
421 2078 518 2118 diss.
552 2078 768 2130 Marpurgi
810 2075 1029 2117 Gattorum
1069 2077 1191 2115 1895.
1233 2080 1273 2113 et-
1317 2072 1617 2124 Eichenbergii
1665 2072 1773 2111 curis

217 2164 358 2190 sumus
393 2149 519 2189 docti.

335 2220 432 2260 Hac
483 2233 525 2259 re
578 2232 678 2258 sane
726 2216 1059 2268 Eichenbergius
1112 2215 1243 2256 Jahni
1293 2214 1529 2254 doctrinam
1582 2213 1774 2258 correxit,

218 2292 419 2343 originem
461 2290 663 2329 sermonis
705 2295 746 2327 et·
785 2289 884 2327 artis
926 2286 1241 2337 demonstravit,
1283 2298 1519 2325 sermonen]
1558 2284 1695 2336 ipsum
1735 2288 1776 2322 et

218 2368 349 2401 artem
393 2374 544 2400 censeo
585 2362 710 2399 etiam
752 2359 989 2398 accuratius
1030 2371 1120 2397 esse
1154 2355 1460 2400 illustrandam,
1500 2368 1593 2394 cum
1631 2354 1775 2406 possit.

219 2431 345 2484 Quod
379 2445 459 2471 non
496 2444 618 2483 posse
652 2430 741 2469 fieri
772 2434 949 2481 apparet
972 2429 1049 2467 nisi
1074 2428 1422 2479 interpretatione
1446 2425 1775 2464 accuratissima.

219 2502 297 2543 Cui
326 2501 462 2542 adhuc
492 2515 596 2540 unus
623 2499 797 2541 Seruius
823 2500 977 2553 (progr.
1001 2497 1205 2538 Laibach.
1232 2498 1371 2549 1890.)
1401 2496 1569 2535 navavit
1593 2508 1776 2547 operam.

220 2572 304 2614 Sed
351 2587 445 2612 cum
491 2586 636 2624 parum
682 2570 811 2609 firmis
859 2571 978 2608 nixus
1025 2570 1077 2608 sit
1115 2567 1401 2607 fundamentis
1434 2568 1458 2607 i.
1487 2580 1519 2607 e.
1549 2565 1601 2605 ad
1636 2566 1776 2605 locum

219 2643 427 2695 quendam
460 2641 757 2681 illustrandum
790 2641 950 2679 litteras
985 2626 1274 2691 quae-cumque
1309 2644 1404 2677 sunt
1433 2642 1602 2689 praesto
1632 2648 1775 2675 omnes

220 2727 300 2753 non
348 2715 400 2752 sit
444 2718 743 2765 perscrutatus,
790 2717 950 2750 rectum
998 2723 1079 2749 non
1126 2708 1240 2749 vidit.
1302 2708 1402 2760 Ipse
1442 2720 1610 2759 quoque
1650 2705 1777 2745 habet

219 2783 352 2823 Persii
388 2797 622 2823 sermonem
656 2795 768 2822 mere
802 2781 1027 2833 volgarem,
1061 2786 1193 2819 artem
1229 2793 1309 2818 non
1345 2778 1569 2831 perspexit.

338 2854 487 2893 Restat
526 2855 652 2905 igitur
692 2851 822 2903 nobis.
870 2865 976 2903 quae
1010 2851 1069 2889 illi
1105 2851 1345 2899 omiserunt,
1381 2849 1632 2894 examinare,
1678 2860 1776 2886 num

220 2938 285 2963 ars
323 2931 361 2963 et
408 2923 627 2962 consilium
672 2924 773 2962 insit
817 2923 858 2961 in
905 2935 1097 2961 sermone
1131 2935 1152 2959 a
1193 2934 1305 2959 mere
1347 2919 1575 2970 volgariter
1608 2916 1776 2956 dicendi
