1944 3226
100 220 265 282 [31393
298 219 348 269 V,
365 222 402 260 3.
1589 218 1645 255 45

101 335 249 376 obruto
296 349 432 375 nonne
478 340 549 374 aut
588 333 802 374 adfectare
842 334 975 373 voluit
1019 333 1281 385 antiquitatis
1327 333 1520 384 speciem.
1566 346 1649 384 qua

99 420 235 446 rerum
259 405 487 445 forensium
513 418 587 457 per
603 405 742 443 onmia
765 403 936 443 saecula
959 404 1138 454 viguisse
1164 408 1307 441 notum
1332 408 1394 441 est
1413 416 1647 442 sermonem

100 482 171 516 aut
202 476 405 528 imprimis
439 480 538 527 apta
572 488 662 514 esse
696 475 733 513 ei
767 480 830 513 est
861 474 950 512 visa
992 474 1105 512 notio
1139 471 1255 512 verbi
1296 471 1502 523 ambigua,
1542 486 1648 524 quae

99 546 228 586 fuisse
260 543 454 585 videtur?
517 544 666 596 Neque
700 545 808 584 enini
842 543 968 583 modo
1004 544 1223 595 plagarum
1258 543 1387 594 signa,
1427 541 1500 581 sed
1532 543 1648 594 ipsae

100 617 247 668 plagae
282 615 353 668 (cf.
377 615 491 655 Festi
518 615 673 667 locum)
705 613 901 653 videntur
933 612 1158 665 significari
1192 613 1379 665 potuisse
1413 612 1493 652 hoc
1526 625 1648 651 voca-

100 685 210 727 bulo.
266 685 440 737 „Puteal
463 686 590 724 multa
616 684 750 724 vibice
773 683 1009 735 flagellare*
1033 696 1130 735 ergo
1155 696 1293 722 nonne
1325 683 1422 722 licet
1446 683 1649 734 suspicari

100 755 195 796 ideo
236 770 329 795 eum
368 756 558 808 posuisse
598 768 678 807 quo
718 754 865 794 melius
911 760 952 793 et
996 752 1202 793 ablativus
1236 751 1476 804 flagellandi
1521 751 1648 792 verbo

100 832 237 866 rectus
270 831 413 878 posset
444 826 631 877 intellegi
665 825 762 878 (1.0.
788 825 922 877 plagis
954 823 1184 876 flagellare)
1219 829 1260 862 et
1292 822 1345 862 ad
1378 824 1520 875 puteal
1554 822 1649 862 sub-

101 897 327 936 stantivum
376 896 522 935 referri
567 897 637 947 ita,
690 902 734 934 ut
780 895 997 934 cicatrices
1042 893 1083 933 id
1130 893 1309 946 posthac
1354 892 1508 933 habere
1555 892 1649 932 sub-

101 964 344 1006 audiretur?
410 965 494 1006 Sed
533 971 626 1005 utut
663 964 870 1005 vocabula
908 966 1245 1016 interpretamur,
1289 970 1432 1003 manet
1477 963 1526 1003 ab
1573 977 1651 1003 usu

102 1038 237 1077 aliena
269 1038 389 1088 ratio,
422 1042 593 1075 manent
626 1034 793 1075 dicendi
827 1034 1015 1076 artificia.

754 1209 925 1252 Satura
948 1211 998 1252 V.

220 1308 255 1346 3.
322 1304 520 1355 „Hianda
559 1304 703 1344 fabulo
742 1303 982 1357 tragoedo··'.
1050 1303 1166 1343 Artis
1202 1311 1422 1356 poetarum
1458 1302 1651 1343 vocabuli

102 1377 279 1415 imitatio
314 1382 375 1415 est
409 1375 610 1416 aculeata.
673 1374 785 1414 Nam
817 1388 861 1414 re
895 1388 993 1414 vera
1025 1380 1244 1426 poetarum
1279 1373 1534 1414 sublimitate
1570 1388 1650 1413 non

102 1445 316 1498 indignam
359 1445 489 1485 fuisse
535 1445 763 1485 dictionem
807 1444 1019 1497 Propertii
1060 1444 1260 1484 docemur
1301 1444 1392 1484 loco
1433 1445 1651 1484 notissimo

103 1520 139 1568 2,
173 1519 238 1567 31,
273 1519 308 1567 6,
342 1515 412 1556 11111
447 1515 687 1555 dedicatum
716 1516 832 1555 illum
863 1514 913 1555 ab
937 1514 1133 1567 Augusto
1158 1514 1402 1567 Apollinem
1429 1514 1651 1566 Propertio

101 1587 218 1626 licuit
239 1587 466 1638 inspicere:
501 1600 804 1637 „marmoreum
829 1587 958 1625 tacita
982 1599 1177 1625 carmen
1201 1585 1317 1625 hiare
1342 1585 1464 1637 lyra“.
1517 1582 1650 1636 Quem

103 1656 153 1696 ad
188 1657 327 1697 locum
358 1658 440 1696 13111
475 1670 498 1696 3
522 1656 767 1696 Burmanno
793 1656 985 1708 exempla
1009 1662 1104 1695 sunt
1127 1655 1266 1695 allata.
1328 1655 1417 1696 Usu
1442 1656 1568 1707 igitur
1591 1660 1654 1694 est

102 1727 272 1777 factum,
317 1734 363 1766 ut
406 1726 569 1778 „hiare“
615 1740 696 1766 nou
743 1732 905 1766 1311111111
951 1740 1020 1777 „os
1060 1727 1247 1778 aperire*
1287 1725 1542 1777 significaret
1580 1724 1654 1765 sed

103 1799 228 1837 etiam
267 1805 312 1836 111
346 1795 510 1837 Graece
544 1798 710 1849 χάσκειν
744 1798 860 1836 0111113
896 1797 955 1836 101
989 1810 1115 1836 031133
1152 1796 1258 1835 30101
1292 1809 1336 1836 03
1371 1796 1534 1848 aperiri,
1572 1796 1596 1836 i.
1621 1809 1652 1836 0.

103 1867 339 1918 „effundere
373 1867 528 1920 aliquid
561 1867 612 1907 de
643 1877 748 1909 ore“.
813 1866 896 1908 Sed
923 1865 1087 1907 Graece
1111 1868 1275 1919 ῥήματα
1299 1867 1466 1918 χάσκειν
1489 1872 1655 1905 00113131

104 1952 185 1978 11011
210 1952 373 1991 semper
397 1952 489 1977 cum
514 1938 717 1990 dignitate
741 1951 831 1977 esse
849 1937 1026 1987 dictum,
1056 1938 1183 1977 11111110
1206 1936 1417 1976 interdum
1440 1936 1655 1988 paulipser

102 2009 210 2049 male
250 2008 436 2048 audisse:
479 2007 606 2060 Soph.
635 2008 704 2049 Ai.
737 2011 846 2048 1226
880 2009 1071 2059 increpat
1104 2006 1397 2059 Agamemnon
1432 2006 1653 2056 Teucrum,

103 2081 172 2132 qui
205 2079 313 2119 male
347 2079 398 2119 de
432 2093 474 2119 se
507 2078 636 2119 verba
669 2079 787 2131 quasi
822 2077 1012 2118 effutirit:

384 2151 427 2189 σὲ
461 2150 504 2190 δὲ
535 2150 581 2189 τὰ
616 2150 726 2190 δεινὰ
760 2150 953 2202 ῥήματα
987 2149 1230 2200 ἅγγέλλουσί
1257 2164 1329 2200 μοι

384 2221 521 2273 τλῆναι
553 2220 652 2260 καθ’
690 2221 810 2272 ἡμῶν
843 2218 918 2259 (ὃὸ
955 2219 1180 2271 ἀνοιμωκτὶ
1214 2223 1402 2271 gardim·

222 2301 316 2356 Qua
338 2316 440 2342 Voce
465 2317 515 2342 ex
537 2302 773 2355 Hesychioz
802 2303 947 2354 ἓχάνει·
977 2301 1111 2341 ἐκάλει
1139 2301 1314 2353 χανύειν
1344 2302 1449 2352 βοᾶν
1479 2306 1655 2351 apparet

104 2374 329 2425 praecipue
373 2374 509 2412 minus
558 2386 709 2424 magna
753 2386 855 2412 voce
901 2371 1060 2424 aliquid
1106 2370 1242 2410 efferri
1283 2384 1372 2410 esse
1411 2369 1654 2410 indicatum.

106 2442 230 2495 Quod
262 2445 304 2482 111
338 2449 483 2495 aperto
519 2457 589 2483 ore
623 2457 703 2482 non
733 2449 795 2483 est
821 2443 969 2481 mirum
995 2448 1035 2481 et
1059 2442 1216 2494 optime
1240 2442 1279 2480 in
1306 2446 1492 2480 nostrum
1519 2440 1654 2479 locum

105 2513 294 2565 quadrat.
349 2511 564 2566 Suspicari
596 2514 722 2565 igitur
751 2511 893 2552 licebit
918 2512 1107 2552 Persium
1133 2513 1268 2563 ipsum
1294 2524 1460 2563 quoque
1485 2509 1654 2549 auribus

105 2583 353 2623 Latinorum
386 2583 483 2623 huic
515 2585 651 2623 inesse
684 2582 889 2623 vocabulo
922 2583 1103 2622 voluisse
1127 2581 1287 2633 aliquid
1310 2580 1517 2620 invidiosi.
1571 2578 1655 2620 Sed

106 2667 205 2693 cave
241 2668 290 2693 110
324 2655 445 2693 11111113
481 2653 640 2693 tribuas
680 2653 931 2693 scholiastae
969 2652 1102 2692 Jahni
1143 2653 1317 2691 aliorum
1360 2650 1656 2701 observationi,

106 2738 189 2776 qua
233 2723 284 2763 de
322 2737 527 2776 personae
568 2724 681 2763 biatu
722 2729 991 2772 monuerunt,
1038 2736 1160 2774 quem
1206 2727 1257 2760 ut
1300 2734 1392 2760 vox
1438 2721 1655 2760 clariore

106 2795 271 2834 sonitu
320 2794 555 2833 ederetur
599 2794 728 2833 fuisse
769 2808 818 2832 ex
858 2791 984 2833 Gellii
1026 2793 1243 2832 notissimo
1284 2791 1376 2831 loco
1407 2790 1446 2829 V
1473 2795 1506 2830 7.
1539 2791 1655 2830 volu—

106 2872 225 2904 erunt
271 2863 425 2904 audire.
496 2863 607 2905 Satis
647 2864 817 2915 infregit
855 2863 1119 2915 grammatici
1162 2862 1271 2901 illius
1311 2861 1435 2901 Bassi
1475 2862 1655 2901 auctori—

106 2941 234 2974 tatem
284 2934 605 2987 Dingeldeinius
658 2934 767 2974 Berl.
805 2932 922 2974 Stud.
958 2933 1029 2972 XI
1068 2936 1086 2972 l
1132 2934 1279 2984 (1890)
1326 2935 1493 2984 17sqq.‚
1546 2930 1656 2970 unde
