1944 3226
244 250 298 287 34
1405 241 1627 293 111.3‚io‚
1648 245 1699 283 16
1711 257 1799 296 sqq.

241 368 382 415 potest
415 375 525 414 aqua
557 360 707 401 infusa.
762 358 845 400 Sed
882 360 1002 398 nimis
1036 359 1169 398 multa
1201 372 1311 411 aqua
1344 358 1483 398 infusa
1516 359 1678 399 tollitur
1709 366 1801 400 ater

243 446 407 472 crassus
441 431 601 480 humor,
642 430 803 470 tollitur
842 435 982 468 autem
1017 429 1165 469 misere
1200 430 1325 469 etiam
1358 430 1504 469 innata
1538 436 1579 469 et
1611 429 1666 470 ad
1699 430 1798 470 scri-

243 502 424 542 bendum
475 507 573 554 apta
624 501 702 548 vis,
754 499 867 552 quod
921 506 1157 539 atramento
1210 500 1331 539 nimis
1382 499 1614 551 liquefacto
1659 507 1798 552 guttas

242 573 448 612 distillans
490 572 674 611 calamus
716 570 904 609 chartam
945 570 1129 609 maculat
1171 570 1247 623 (sita
1279 569 1477 623 Jahnus').
1541 567 1637 622 Qua
1674 571 1714 610 in
1756 583 1799 610 re

243 657 342 682 sane
376 643 533 694 optima
569 642 710 694 posuit
746 641 915 692 „sepia‘
949 654 1108 690 vocem,
1142 641 1297 692 quippe
1327 653 1411 692 qua
1438 640 1589 680 fortius
1613 647 1800 680 vertatur

242 714 404 752 animus
438 713 614 764 legentis
649 711 702 751 ad
736 725 823 751 rem
856 712 990 763 ipsam
1026 710 1318 763 spectandam:
1360 710 1519 750 scilicet
1555 724 1637 750 non
1674 710 1799 751 modo

242 790 332 823 ater
365 783 481 822 color
509 783 657 822 melius
688 781 938 834 depingitur,
973 780 1046 821 sed
1075 782 1199 821 etiam
1225 781 1346 820 simul
1371 794 1536 821 crassus
1558 781 1627 821 ille
1652 781 1802 821 humor

242 853 479 900 denotatur,
513 867 595 905 quo
631 854 757 892 etiam
788 853 924 904 sepias
953 853 1089 904 pisces
1120 852 1251 903 magis
1277 865 1403 903 quam
1426 852 1518 903 ipso
1543 858 1633 892 atro
1658 851 1799 892 colore

242 924 351 963 illius
391 924 564 976 liquoris
606 937 648 963 se
689 924 817 963 tutari
857 923 984 962 etiam
1020 923 1203 973 antiquis
1239 929 1327 962 erat
1362 928 1506 962 notum
1540 921 1799 974 temporibus

242 994 312 1047 (cf.
338 993 423 1035 Cic.
448 994 498 1034 de
529 1000 610 1033 nat.
637 998 671 1045 2,
697 996 763 1045 50,
790 994 900 1043 1271).

361 1078 566 1128 aiosqq.
601 1090 698 1127 „cur
732 1089 813 1115 non
848 1076 1012 1128 potius‘ss
1046 1074 1287 1114 adversario
1323 1076 1381 1114 ait
1414 1081 1552 1127 poeta,

1195 1152 1451 1197 ⁷.teneroque
1486 1144 1681 1185 columbo

603 1224 644 1256 et
678 1217 823 1256 similis
858 1230 1001 1268 regum
1035 1217 1175 1268 pueris
1208 1230 1396 1268 pappare
1428 1217 1632 1255 minutum

604 1289 742 1340 poscis
777 1294 818 1327 et
849 1288 980 1326 iratus
1015 1300 1222 1326 mammae
1262 1286 1405 1326 lallare
1435 1284 1660 1326 recusas?“

364 1370 478 1421 „Tu”
506 1372 641 1422 inquit
661 1376 798 1422 poeta,
818 1371 900 1421 „ita
921 1377 961 1409 te
981 1371 1089 1422 geris
1112 1376 1154 1408 ut
1169 1369 1374 1408 infantem
1393 1368 1514 1409 decet
1529 1368 1799 1419 delicat111n‘·'3

243 1455 348 1487 nam,
372 1448 416 1480 ut
435 1443 493 1480 ait
510 1440 672 1481 Seneca
695 1440 745 1480 de
767 1442 828 1480 ira
852 1444 887 1491 2,
905 1443 977 1480 22:
1000 1439 1124 1491 „nihil
1148 1440 1279 1491 magis
1302 1440 1404 1479 facit
1425 1439 1651 1479 iracundos
1674 1453 1800 1492 quam

242 1511 437 1551 educatio
455 1512 591 1551 mollis
609 1519 649 1550 et
670 1510 845 1550 blanda:
869 1510 964 1550 ideo
981 1511 1114 1550 unicis
1132 1524 1213 1562 quo
1229 1510 1322 1562 plus
1338 1509 1590 1562 indulgetur,
1612 1510 1800 1562 pupillis-

242 1596 321 1634 que
346 1596 428 1634 quo
454 1582 545 1634 plus
569 1582 677 1623 licet.
712 1582 950 1633 corruptior
974 1582 1135 1620 animus
1165 1587 1238 1621 est.
1289 1580 1386 1620 Non
1416 1581 1583 1620 resistet
1611 1580 1742 1620 offeus
1766 1581 1800 1620 is

242 1654 308 1691 cui
330 1653 431 1692 nihil
455 1667 637 1704 unquam
662 1658 855 1704 negatum
881 1659 953 1694 est.
976 1653 1041 1691 cui
1065 1651 1258 1691 lacrimas
1281 1651 1460 1690 sollicita
1483 1665 1648 1703 semper
1667 1656 1802 1691 mat-er

241 1722 454 1764 abstersit.
490 1725 555 1762 cui
584 1723 634 1762 de
664 1722 910 1775 paedagogo
940 1722 1205 1762 satisfactum
1233 1724 1328 1761 est‘⁴'.
1353 1721 1569 1773 (Jahnus).
1589 1721 1626 1761 E
1657 1720 1799 1762 Stoica

242 1808 340 1833 sane
365 1793 564 1846 profluxit
588 1794 781 1846 populari
804 1793 1071 1845 philosophia
1094 1793 1208 1832 locus
1232 1798 1272 1832 et
1294 1806 1430 1832 sermo
1453 1791 1504 1831 de
1526 1793 1618 1832 vivo
1635 1791 1801 1832 videtur

242 1866 445 1904 sermonis
472 1879 544 1904 usu
569 1878 658 1904 esse
681 1864 867 1903 haustus.
914 1863 1023 1903 Nam
1048 1865 1228 1915 primum
1252 1862 1422 1915 quidem
1447 1868 1559 1902 recte
1581 1862 1801 1902 adnotavit

243 1935 470 1975 scholiasta
501 1934 696 1974 columbo
726 1948 879 1987 pueros
909 1948 999 1974 esse
1022 1933 1327 1985 intellegendos
1352 1947 1456 1986 quos
1482 1947 1588 1985 quae
1614 1934 1800 1972 nutriunt

243 2004 506 2045 blandientes
524 2005 741 2045 columbos
765 2012 805 2045 et
826 2019 1017 2057 passeres
1035 2012 1075 2044 et
1090 2005 1225 2057 pullos
1242 2011 1406 2045 vocant.
1440 2003 1552 2044 Nam
1568 2005 1799 2056 antiquitus

242 2076 344 2114 talia
363 2075 650 2115 blandimenta
668 2077 708 2115 in
727 2089 917 2115 sermone
934 2075 1225 2115 Romanorum
1240 2076 1497 2114 inveterasse
1515 2081 1555 2114 et
1571 2075 1743 2126 antiqua
1761 2081 1801 2114 et

241 2160 349 2185 nova
374 2145 528 2186 docent
552 2147 754 2198 exempla.
803 2144 993 2198 Quorum
1017 2160 1150 2198 paene
1174 2144 1356 2185 indicem
1380 2143 1556 2197 praebet
1578 2144 1799 2184 Plautinus

240 2217 355 2256 locus
379 2218 419 2256 in
446 2217 647 2256 Asinaria
672 2220 753 2257 693
767 2231 825 2269 sq.
850 2218 926 2256 etsi
952 2217 1194 2267 amatorius7
1227 2222 1367 2255 tamen
1398 2217 1458 2255 rei
1492 2216 1798 2255 testimonium:

242 2286 448 2326 <Libanus
484 2287 534 2327 ad
572 2287 877 2340 Philaenium:

246 2369 339 2409 ..dic
372 2370 498 2421 igitur
530 2369 627 2409 med
661 2370 905 2409 aniticulam
937 2369 1166 2422 (Entchen)
1203 2368 1481 2408 columbam
1510 2369 1575 2408 vel
1603 2368 1799 2408 catellum

240 2439 505 2479 hirundinem
559 2440 820 2480 monerulam
873 2441 945 2492 (z
967 2439 1253 2491 monedulam,
1299 2438 1456 2491 Dohle)
1511 2438 1799 2491 passerculum

243 2510 476 2562 putillum·‘.

247 2592 383 2631 Etiam
422 2594 462 2632 in
499 2592 655 2633 Casina
698 2595 790 2633 138.
824 2591 1039 2632 blanditur
1077 2593 1227 2632 mulier
1266 2592 1469 2631 amasium
1504 2592 1563 2631 sic
1596 2591 1797 2631 allocuta:

453 2677 592 2713 „meus
627 2663 764 2715 pullus
797 2677 943 2715 passer
974 2677 1067 2703 mea
1102 2661 1333 2703 columba
1366 2663 1422 2701 mi
1455 2661 1609 2714 lepus.‘·'

244 2743 521 2784 ..Strabonem
548 2744 702 2784 filium‘*
731 2746 919 2798 appellat
945 2753 1162 2798 „paetum”
1189 2750 1310 2797 pater
1338 2745 1459 2783 nimis
1486 2743 1708 2795 indulgens
1735 2750 1799 2794 „et

242 2814 422 2866 pullum·
458 2815 569 2867 apud
602 2815 832 2855 Horatium
865 2830 985 2857 serm.
1014 2820 1047 2866 1,
1073 2818 1108 2867 3,
1131 2818 1197 2855 45.
1259 2815 1316 2855 Et
1351 2813 1587 2866 Caligulam
1618 2814 1799 2866 primum

242 2899 264 2923 a
298 2884 461 2923 Miseno
496 2885 641 2925 urbem
674 2887 908 2938 ingressum
940 2887 1122 2938 populus
1157 2886 1355 2925 salutavit
1394 2883 1532 2936 „sidus
1567 2890 1607 2924 et
1640 2883 1798 2936 pullum

242 2961 281 2993 et
314 2969 471 3006 pupum
506 2963 544 2994 et
580 2956 817 2995 alumnum“
852 2955 1044 3001 (Suetou.
1069 2955 1157 2997 Cal.
1186 2959 1274 3000 13·):
1314 2955 1509 2995 Heraeus
1538 2954 1649 2994 arch.
1672 2953 1798 2994 XIII
