1944 3226
217 212 271 248 40
1494 203 1663 256 HLess,
1682 207 1774 246 115.

649 323 823 374 „strepit
857 320 1035 361 adsiduo
1070 334 1166 360 cara
1200 327 1392 373 tempora
1425 321 1580 360 circum

432 395 585 433 tinnitu
619 393 740 445 galea
775 398 815 431 et
849 393 959 431 saxis
995 391 1130 431 solida
1163 405 1261 431 aera
1295 391 1498 431 fatiscunt

432 464 731 515 discussaeque
766 461 890 502 iubae
925 463 1054 514 capiti
1088 475 1165 501 nec
1198 461 1353 501 sufficit
1387 461 1512 501 umbo

431 533 597 584 ictibus,
630 533 947 584 ingeminant
980 532 1139 572 hastis
1174 537 1215 571 et
1248 531 1380 572 Troes
1415 539 1455 572 et
1486 533 1576 584 ipse
1622 561 1625 564 -

432 604 659 643 fulmineus
694 602 977 642 Mnestheus.“

222 687 374 727 Nonne
427 687 610 725 vicinum
665 692 780 725 extat
835 691 975 724 mente
1029 683 1308 737 supplendum
1363 683 1574 725 obiectum
1620 685 1776 735 „ictus<‘

221 754 502 797 vocabulum?
564 754 649 797 Sed
684 761 779 795 utut
811 769 876 795 res
911 769 953 795 se
987 754 1125 806 habet,
1159 760 1300 794 manet
1324 756 1470 794 unicus
1495 768 1608 795 mere
1633 755 1776 807 epicus

226 826 421 867 vocabuli
455 840 553 866 usus
588 840 665 866 nec
698 826 991 877 volgaritatem
1025 826 1122 865 licet
1153 826 1193 865 in
1228 825 1375 865 Persio
1410 825 1605 865 olfacere.

339 907 452 961 Quid
488 908 601 961 quod
635 910 762 948 etiam
796 922 923 959 „naso
958 909 1240 960 crispante“
1263 907 1441 959 Vergilii
1474 907 1563 947 vult
1595 920 1778 959 aequare

220 993 467 1031 sermonem7
501 980 572 1031 qui
596 980 771 1019 eximius
797 985 911 1019 extat
938 978 1059 1018 huius
1083 977 1278 1018 vocabuli
1301 985 1490 1019 novator.
1532 977 1778 1017 Inauditum

219 1051 327 1090 enim
374 1064 505 1102 usque
552 1063 600 1089 eo
647 1048 784 1089 fuerat
824 1063 917 1088 cum
951 1048 1164 1101 Vergilius
1195 1048 1303 1088 Aen.
1350 1053 1380 1100 l,
1405 1051 1486 1088 313
1518 1068 1574 1082 z:
1607 1051 1776 1100 127165

222 1122 406 1173 scripsit:

496 1177 619 1227 ..bina
654 1192 781 1218 manu
814 1178 899 1218 lato
935 1179 1123 1230 crispans
1157 1177 1326 1217 hastilia
1357 1177 1512 1218 ferro“.

220 1273 323 1312 Post
357 1287 450 1312 eum
475 1279 724 1325 receperunt
758 1273 935 1312 litterae.
988 1272 1088 1312 Huc
1112 1273 1182 1324 qui
1213 1285 1294 1312 non
1318 1271 1509 1311 referunt
1532 1271 1779 1312 Persianam

221 1343 461 1395 dictionem,
495 1342 641 1383 Persio
673 1342 918 1383 satisfacere
951 1342 1052 1382 mihi
1086 1356 1168 1382 non
1191 1342 1398 1383 videntur.
1455 1341 1775 1394 ⁷.Crispantem“

219 1415 327 1453 enim
363 1428 510 1453 nasum
544 1413 657 1466 quod
691 1414 768 1454 soli
796 1413 942 1453 Persio
969 1412 1145 1453 debetur
1177 1413 1336 1453 dictum
1371 1426 1451 1452 non
1494 1414 1582 1452 sine
1615 1413 1779 1452 ratione

221 1491 346 1536 atque
393 1485 567 1524 consilio
616 1484 699 1524 dici
749 1490 937 1537 apparet.
1013 1482 1124 1524 Sane
1170 1483 1222 1523 ad
1267 1497 1392 1536 rugas
1439 1489 1613 1536 spectat.
1688 1481 1780 1523 Nec

219 1561 358 1595 tamen
390 1555 601 1595 exhauriri
627 1569 778 1595 censeo
805 1556 865 1594 ita
894 1554 1029 1595 Persii
1060 1555 1255 1595 animum.
1301 1554 1438 1594 Immo
1467 1555 1576 1605 „risu
1601 1553 1779 1593 tremulo

224 1639 471 1665 concussa
505 1626 759 1665 cachinnant
793 1628 997 1678 corpora“
1035 1624 1222 1679 (Lucret.
1250 1629 1283 1675 1,
1308 1627 1390 1665 919
1416 1645 1470 1659 =
1496 1628 1531 1676 2,
1557 1624 1671 1678 976).
1724 1623 1781 1663 Et

218 1697 398 1735 maxime
433 1696 594 1736 scilicet
626 1697 666 1735 in
702 1695 878 1735 ridendo
915 1710 1040 1736 nasus
1081 1695 1187 1735 solet
1217 1696 1385 1735 concuti
1408 1701 1535 1746 atque
1567 1685 1781 1735 vibrare.

222 1764 291 1806 Sic
343 1768 452 1805 enim
504 1766 798 1819 glossographi
848 1768 1181 1819 interpretantur
1236 1766 1472 1818 ‚.crispare“
1527 1764 1779 1805 vocabulum

222 1851 364 1876 omnes
412 1837 495 1889 (IV
525 1840 591 1888 35,
629 1840 700 1887 173
736 1837 775 1875 V
810 1840 907 1889 435,
936 1841 972 1877 6.
1034 1836 1075 1875 V
1111 1839 1205 1888 282,
1234 1840 1289 1890 6).
1358 1835 1512 1876 Nonne
1554 1835 1781 1876 artificiose

222 1906 349 1947 verba
379 1908 614 1959 collocavit,
648 1914 692 1947 ut
728 1909 854 1948 etiam
889 1909 1073 1960 crispare
1108 1907 1370 1959 cachinnum,
1405 1906 1457 1946 ad
1488 1906 1781 1958 Vergilianum

222 1977 415 2017 vocabuli
470 1992 591 2017 usum
637 1977 801 2018 deflexa
850 1979 1033 2030 notione,
1087 1979 1205 2031 quasi
1259 1977 1474 2017 effundere
1526 1976 1781 2018 ,cachinnum

224 2049 477 2100 crispantem
521 2050 545 2088 i.
592 2063 624 2090 e.
669 2048 904 2089 vibrantem
951 2063 1098 2088 nasum
1148 2055 1293 2101 posset
1337 2046 1584 2088 subaudiri?
1655 2044 1782 2099 Quod

221 2131 364 2158 revera
406 2132 495 2158 esse
536 2119 697 2159 factum
733 2118 929 2160 Sedulius
969 2125 1032 2159 est
1069 2120 1187 2159 testis
1234 2120 1305 2171 qui
1349 2118 1568 2171 propalam
1615 2118 1781 2170 scripsit

225 2202 349 2228 carm.
383 2190 525 2241 pasch.
562 2193 703 2242 17332
739 2190 870 2244 (corp.
896 2189 1022 2229 Vind.
1054 2189 1112 2229 X.
1145 2204 1183 2242 p.
1216 2192 1271 2229 40
1306 2188 1533 2242 Huemer):

439 2273 571 2323 ..alter
603 2279 716 2312 amat
749 2272 884 2314 fletus.
919 2272 1024 2312 alter
1057 2273 1241 2324 crispare
1276 2262 1564 2311 oachinnm'nf‘

221 2354 411 2394 Persium
457 2362 596 2395 autem
637 2354 828 2395 videmus
874 2354 987 2394 haud
1027 2355 1116 2394 sine
1162 2360 1251 2393 arte
1298 2355 1469 2393 satiram
1515 2366 1634 2393 suam
1679 2366 1781 2393 voce

226 2427 345 2477 epica
379 2425 448 2477 (cf.
481 2425 640 2478 Henry.
676 2425 875 2465 Aeneida
906 2425 929 2464 Ι
962 2439 999 2477 p.
1034 2426 1145 2479 593.)
1181 2438 1418 2464 exornasse.
1462 2444 1464 2447 ·

343 2511 435 2547 115.
502 2508 653 2560 ‚.alges‚
683 2521 778 2547 cum
809 2508 993 2547 excussit
1023 2506 1221 2547 membris
1251 2508 1376 2546 timor
1405 2505 1523 2546 albus
1554 2507 1777 2546 aristasf·

230 2578 466 2627 ..Excutere
513 2579 689 2618 aristas*
746 2592 798 2617 an
854 2591 935 2618 non
982 2584 1095 2618 recte
1135 2592 1185 2617 ex
1228 2591 1304 2617 usu
1351 2578 1554 2617 sermonis
1600 2577 1781 2628 volgaris

224 2648 382 2687 dictum
417 2648 667 2688 iudicaverit
689 2648 870 2699 Jahnus,
906 2647 1090 2688 dubitari
1122 2649 1288 2700 poterit.
1340 2646 1491 2700 Neque
1519 2647 1629 2686 enim
1653 2647 1782 2686 ceteri

222 2725 362 2764 testes,
398 2720 468 2771 qui
503 2719 585 2759 duo
614 2725 711 2758 sunt·
734 2719 843 2758 hanc
867 2720 1075 2758 rationem
1099 2717 1414 2758 commendant:
1451 2716 1643 2770 Quorum
1677 2716 1783 2755 alter

221 2788 381 2828 Plinius
431 2796 512 2829 nat.
560 2792 716 2842 2196·
753 2789 973 2829 doctrinae
1020 2803 1148 2829 causa
1193 2789 1293 2828 satis
1341 2794 1544 2839 remotae,
1590 2793 1635 2826 ut
1679 2786 1782 2826 mihi

218 2858 383 2897 videtur
429 2859 646 2911 (quidam
694 2859 745 2899 ob
787 2859 830 2899 id
876 2858 1100 2899 aristida
1138 2864 1291 2898 vocant
1329 2857 1516 2912 holcum)
1555 2857 1780 2910 protulisse

219 2942 364 2967 vocem
393 2942 441 2968 ac
470 2929 784 2980 quodammodo
809 2928 1033 2969 verborum
1060 2930 1318 2982 quaesivisse
1342 2934 1592 2968 concentum
1617 2927 1783 2967 videtur
