1944 3226
652 881 703 933 C.
745 879 1059 932 Conclusio:
1101 875 1332 930 summa.

331 999 493 1051 Restat,
528 1006 571 1038 ut
605 1004 822 1052 peractam
854 999 965 1037 viam
989 997 1109 1049 quasi
1136 996 1409 1048 respiciamus
1434 1002 1473 1034 et
1498 993 1769 1047 comprehen-

215 1071 361 1111 damus
402 1084 509 1123 quae
550 1070 793 1109 enucleasse
835 1067 954 1108 nobis
997 1067 1226 1107 videamur.
1289 1065 1355 1105 Ac
1388 1066 1568 1118 primum
1602 1063 1771 1117 quidem

214 1141 448 1182 cavendum
481 1140 671 1180 videmus
707 1153 757 1179 ne
790 1145 946 1179 temere
976 1137 1223 1178 Persianam
1256 1149 1483 1189 aequemus
1508 1135 1771 1175 Annaeanae

215 1219 381 1253 saturae
405 1212 470 1252 vel
486 1211 676 1252 Petronii
699 1210 1032 1262 fragmentorum
1049 1208 1118 1261 (cf.
1134 1222 1172 1261 p.
1193 1210 1260 1259 11)
1279 1207 1508 1247 aliorumve
1525 1219 1771 1246 sermonem.

213 1284 350 1324 Immo
392 1282 498 1323 adeo
539 1296 620 1322 non
664 1288 840 1334 apparet
878 1280 1089 1332 volgarem
1132 1293 1221 1319 esse
1263 1278 1522 1330 scriptorem,
1557 1285 1599 1316 ut
1633 1278 1674 1316 in
1708 1275 1771 1316 his

213 1355 314 1407 ipsis
349 1368 455 1406 quae
488 1353 669 1393 maxime
702 1366 802 1405 prae
826 1365 869 1392 se
896 1351 1006 1391 ferre
1029 1348 1282 1390 videbantur
1303 1348 1564 1400 volgaritatis
1589 1347 1771 1400 speciem

216 1438 297 1465 non
337 1423 463 1464 modo
504 1437 586 1464 non
621 1424 661 1462 in
708 1424 800 1475 ipsa
844 1423 1095 1474 volgaritate
1140 1427 1283 1473 posset
1329 1417 1600 1471 deprehendi,
1644 1418 1771 1457 immo

214 1497 350 1548 ipsum
396 1495 577 1534 maxime
627 1507 799 1546 operam
838 1492 1005 1533 dedisse
1039 1492 1195 1544 passim
1235 1495 1470 1543 appareret,
1516 1494 1560 1528 ut
1592 1488 1715 1541 plane
1750 1501 1773 1527 a

216 1567 426 1607 communi
450 1566 694 1618 volgarique
721 1562 1032 1604 sermocinandi
1056 1563 1218 1602 ratione
1249 1566 1451 1614 quantum
1484 1566 1627 1612 posset
1658 1572 1772 1599 rece-

216 1637 335 1677 deret
369 1650 606 1688 novumque
641 1634 852 1688 quendam
875 1639 1119 1687 procrearet
1148 1645 1385 1672 sermonem
1413 1632 1483 1683 qui
1506 1644 1530 1670 a
1552 1630 1663 1682 volgi
1698 1643 1773 1669 usu

216 1722 316 1748 sane
361 1707 578 1760 profectus
619 1712 704 1746 tam
744 1705 970 1745 artificiose
1004 1710 1189 1744 mutatus
1230 1704 1299 1754 sit,
1344 1708 1389 1741 ut
1423 1715 1501 1753 ars,
1548 1714 1629 1741 non
1662 1700 1773 1753 volgi

216 1792 352 1819 sermo
387 1778 562 1818 eluceat.
618 1776 703 1818 Sed
727 1778 852 1817 etiam
887 1776 1125 1815 accuratius
1155 1772 1273 1814 nobis
1302 1773 1488 1825 contigit,
1523 1785 1630 1825 quae
1664 1777 1774 1811 esset

215 1850 288 1890 illa
320 1863 386 1889 ars
420 1848 624 1889 Persiana
658 1847 854 1899 detegere
888 1853 1014 1898 atque
1049 1858 1271 1898 exponere.

334 1931 485 1983 Neque
526 1932 634 1970 enim
677 1944 783 1969 nova
822 1927 1074 1969 inveniendo
1123 1929 1215 1980 ipsa
1259 1925 1483 1973 vocabula,
1537 1924 1612 1965 sed
1657 1928 1774 1964 nota

216 2003 293 2043 vel
337 2002 567 2054 volgaria
613 1999 890 2054 prudenter
935 1996 1360 2048 consarcinando,
1406 2009 1532 2036 nova
1575 1996 1773 2035 ratione

217 2072 588 2125 coniungendo.
636 2085 759 2112 nove
806 2068 1154 2123 componendo
1195 2068 1393 2108 novitatis
1433 2066 1601 2107 laudem
1643 2065 1775 2105 voluit

216 2158 389 2185 merere.
442 2143 553 2184 Nam
592 2142 772 2193 „dixeris
799 2142 973 2194 egregie,
1009 2146 1153 2180 notum
1187 2140 1220 2179 si
1254 2137 1408 2178 callida
1439 2136 1611 2178 verbum
1636 2135 1774 2176 reddi-

218 2215 326 2255 derit
370 2216 566 2254 iunctura
605 2216 784 2253 novum“
821 2212 927 2253 Hor.
961 2226 996 2252 a.
1026 2210 1071 2251 P.
1101 2211 1211 2264 47.1)
1274 2209 1360 2249 Hic
1402 2210 1528 2248 etiam
1562 2206 1773 2248 Cornutus

218 2285 432 2326 cardinem
478 2285 619 2337 posuit
657 2285 758 2324 artis
798 2282 1027 2323 Persianae
1068 2288 1107 2321 et
1146 2282 1238 2333 ipsa
1270 2286 1414 2332 poeta:
1450 2282 1485 2331 5⁷
1512 2280 1582 2319 14:

393 2361 548 2411 „verba
580 2368 704 2412 togae
740 2360 927 2412 sequeris
960 2359 1196 2398 iunctura
1231 2355 1448 2396 callidus
1483 2355 1632 2395 acri&

218 2439 285 2478 Ac
309 2439 451 2478 statim
473 2437 635 2477 videbis
660 2443 817 2489 quanto
843 2449 968 2488 opere
993 2435 1119 2475 etiam
1143 2433 1222 2473 hac
1237 2434 1279 2473 in
1302 2447 1345 2472 re
1361 2431 1531 2472 Persius
1546 2430 1775 2471 Horatium

219 2509 397 2549 audacia
421 2509 641 2561 superarit.
1685 2504 1689 2505 ⁷

337 2591 491 2632 Moneo
517 2590 566 2630 de
590 2604 790 2641 „examen
808 2590 1010 2640 castiges“
1027 2587 1083 2641 (Nl,
1102 2592 1143 2641 6)
1168 2587 1438 2638 „scalpuntur
1459 2585 1609 2624 intima
1630 2584 1775 2623 verstr‘

221 2663 322 2716 (21),
356 2662 624 2714 „supplantat
656 2659 785 2700 verba
816 2660 984 2712 palato“
1019 2658 1117 2709 (35),
1151 2658 1340 2707 „ciconia
1373 2656 1500 2708 pinsit
1530 2655 1632 2708 (58¹),
1667 2666 1775 2705 „sar-

220 2738 317 2784 tago
332 2732 556 2785 loquendi‘·'
573 2732 675 2785 (80),
691 2730 895 2775 ,Romule
912 2731 1056 2770 ceves“
1073 2729 1176 2782 (87),
1201 2727 1397 2779 „ebulliat
1414 2723 1679 2778 1)atruus··'(2,
1697 2725 1775 2774 10),

341 2861 365 2902 ¹)
394 2859 557 2892 conferas
602 2858 805 2892 Heinzeum
843 2858 889 2891 ad
928 2856 1059 2890 Horati
1099 2857 1217 2889 locum
1257 2855 1403 2897 eiusque
1450 2853 1615 2895 exempla
1655 2852 1776 2891 allata,

221 2918 389 2952 Persiana
416 2919 537 2951 statim
564 2919 826 2951 enumerantur.
