1944 3226
225 200 278 238 48
1486 195 1538 247 V,
1556 198 1620 247 19,
1633 199 1699 248 48,
1713 199 1780 236 54.

224 314 283 360 ΙΙ,
313 314 388 354 col.
421 316 618 365 2242qu
654 311 768 364 quod
808 312 1037 352 scholiasta
1078 326 1243 364 quoque
1283 311 1494 364 probavit:
1533 313 1709 365 „legitur
1741 319 1782 354 et

224 384 392 424 bullatis
432 385 456 424 i.
491 397 522 424 e.
563 384 757 423 ornatis.‘·'
832 382 955 422 Pulla
1005 388 1145 422 autem
1184 389 1299 422 veste
1338 384 1363 422 i.
1393 397 1425 423 e.
1464 382 1629 435 lugubri
1669 383 1782 436 apud

225 453 449 505 tragoedos
496 460 586 493 erat
624 467 734 494 usus.
768 452 934 506 (schol.)
988 452 1081 492 Tali
1122 454 1240 505 nigra
1278 459 1393 493 veste
1433 453 1593 493 inducti
1632 454 1781 506 pullati

226 523 570 565 nominabantur:
611 524 670 563 ita
710 523 899 575 lugentes
936 537 1029 563 cum
1065 524 1191 574 nigris
1224 522 1431 564 vestibus:
1465 523 1611 566 Iuven.
1636 527 1672 575 3,
1697 526 1779 564 213

225 609 318 634 cum
358 594 484 635 schol.
524 594 648 645 gloss.
683 593 749 633 IV
777 597 876 641 152,
907 597 980 643 363
1022 593 1063 632 V
1089 596 1182 642 237,
1214 596 1289 643 373
1331 596 1432 645 326,
1456 595 1480 634 6
1520 594 1586 634 all.
1657 593 1780 635 Unde

224 665 347 704 facile
382 665 569 716 potuisse
603 665 701 704 licet
735 665 939 716 suspicari
973 664 1204 717 „pullatus-'⁶
1239 670 1279 704 et
1312 678 1387 716 pro
1413 665 1567 716 „tristis
1590 663 1779 717 lugubri“

225 743 265 775 et
298 749 372 788 pro
407 735 638 787 ,.tragicus“
673 736 819 787 accipi.
883 724 1263 775 Neutrius'tamen
1300 741 1415 774 extat
1447 736 1489 774 in
1523 734 1672 774 litteris
1695 749 1778 775 me-

224 806 367 846 moria.
436 804 640 853 „Pallam-‘⁵'
681 806 750 857 qui
792 804 1003 845 audierint
1044 804 1157 857 apud
1196 804 1415 845 Romanos
1454 804 1617 845 Plinius
1657 804 1783 846 docet

225 890 286 928 ep.
320 879 353 927 7,
388 879 451 927 17,
482 878 526 915 9:
568 875 751 927 „sordidi
790 876 1061 928 pullatique‘·,
1102 889 1207 927 quos
1247 876 1504 927 „tunicatum
1544 875 1782 928 popellum“

226 946 430 986 Horatius
476 947 643 986 vocavit
682 960 774 999 epp.
808 949 846 997 1,
874 949 908 988 7.
934 949 1000 987 65.
1070 945 1143 985 Ad
1184 945 1409 998 tragoedos
1454 947 1580 998 igitur
1624 946 1780 986 referre

224 1016 476 1057 vocabulum
511 1031 604 1056 cum
638 1017 814 1057 licenter
846 1018 934 1069 ipse
969 1016 1140 1056 Persius
1172 1016 1251 1056 sibi
1279 1017 1480 1069 permisit,
1505 1030 1639 1069 nugae
1663 1022 1783 1057 erant

225 1088 458 1140 ..pullatae‘·
499 1087 571 1127 tali
612 1087 792 1127 audacia
830 1090 971 1127 tristes
1012 1087 1177 1126 illarum
1219 1086 1533 1139 tragoediarum
1566 1087 1704 1127 dictae
1738 1094 1784 1127 ut

226 1159 351 1197 etiam
384 1157 676 1198 Romanorum
711 1172 831 1197 aures
866 1159 1079 1210 stupuisse
1112 1159 1199 1197 veri
1233 1159 1287 1197 sit
1321 1157 1466 1198 simile.

343 1243 409 1281 48.
474 1240 633 1284 ..Parca
674 1247 800 1280 tenax
844 1241 966 1281 verif‘
1042 1239 1207 1280 Probro
1254 1254 1405 1279 vexare
1452 1254 1547 1279 eum
1591 1239 1782 1280 videmus

224 1311 265 1350 id
301 1310 415 1363 qnod
448 1312 648 1350 usitatum
682 1310 810 1350 fuisse
844 1310 1011 1350 videtur
1043 1310 1189 1350 Parcis
1224 1310 1476 1362 adpositum,
1501 1311 1655 1363 quippe
1679 1324 1782 1363 quas

225 1381 477 1421 veridicas
501 1395 625 1421 voees
651 1381 775 1421 edere
800 1381 983 1421 dixerint
1005 1380 1200 1421 Romani.
1226 1380 1396 1429 (Catull.
1415 1384 1480 1433 64,
1497 1383 1592 1422 306.
1621 1380 1706 1422 Cic.
1731 1381 1782 1421 de

226 1452 305 1492 div.
334 1456 366 1494 1.
390 1455 456 1492 45.
484 1453 596 1505 101.)
659 1452 856 1492 Prorsain
891 1452 999 1504 fugit
1033 1453 1285 1500 orationem,
1322 1452 1496 1492 elatiore
1531 1452 1679 1491 maluit
1712 1465 1782 1492 ore

226 1523 376 1575 eloqui.
419 1523 501 1564 Sed
525 1523 764 1563 Horatiano
787 1537 955 1575 quoque
977 1524 1110 1563 vitato
1132 1537 1362 1567 „veraces
1378 1522 1564 1563 Parcae“
1586 1522 1636 1576 (o,
1652 1536 1681 1564 S.
1700 1522 1783 1576 25),

225 1595 411 1646 leporem
458 1593 667 1646 quendam
712 1607 760 1633 eo
802 1600 864 1633 est
904 1600 1172 1644 consecutus,
1218 1593 1331 1645 quod
1372 1592 1623 1633 vocabulum
1662 1593 1785 1633 aliter

224 1666 404 1704 maxime
445 1663 681 1704 adhibitum
719 1665 759 1704 in
799 1678 919 1703 suum
952 1664 1209 1716 peculiarem
1244 1678 1363 1704 usum
1397 1665 1533 1704 vertit.
1596 1662 1705 1703 Nam
1739 1670 1784 1703 ut

224 1735 313 1774 fata
343 1734 518 1774 audiunt
547 1734 659 1787 apud
685 1734 884 1776 Ovidium
915 1749 964 1774 ex
993 1741 1109 1787 pont.
1132 1737 1165 1776 1.
1184 1738 1219 1787 2,
1237 1737 1309 1774 63:
1341 1735 1564 1786 „tenacia“,
1596 1735 1656 1774 ita
1680 1733 1783 1774 deae

226 1819 392 1858 quoque
439 1805 589 1845 fatales
636 1808 900 1855 ..tenaces‘·
953 1804 1092 1845 dictae
1145 1805 1275 1845 fuisse
1321 1804 1536 1845 videntur:
1589 1803 1688 1845 CIL
1716 1804 1784 1845 VI

228 1878 380 1915 29426.
403 1898 459 1908 z
484 1890 607 1917 carm.
643 1877 769 1928 epigr.
806 1878 930 1916 1164.
958 1878 983 1915 4
1024 1875 1332 1917 Buech.-Ries.
1366 1877 1390 1915 i.
1424 1890 1457 1916 e.
1489 1874 1782 1915 inexorabiles.

228 1945 312 1986 Sed
358 1950 622 1997 ,.ve1·aces·'·
670 1954 709 1986 et
754 1955 1020 1988 „tenaces”
1064 1946 1277 1998 copulavit
1316 1945 1485 1986 Persius
1524 1945 1783 1998 praebetque

226 2018 479 2056 locutionem
515 2017 762 2058 inauditam.

355 2102 408 2139 54
425 2113 512 2151 sqq.
593 2099 722 2139 Hunc
781 2113 947 2152 quoque
1007 2113 1160 2151 operae
1219 2105 1281 2138 est
1338 2099 1517 2151 pretium
1575 2099 1782 2151 inspicere

228 2171 386 2209 locum:

439 2227 674 2270 ..Mercibus
710 2229 787 2268 hic
819 2228 941 2268 Italis
974 2234 1110 2268 mutat
1144 2227 1219 2267 sub
1255 2228 1343 2268 sole
1377 2228 1536 2267 recenti

439 2299 658 2351 Rugosum
690 2300 812 2351 piper
844 2307 884 2338 et
917 2299 1112 2351 pallentis
1146 2312 1277 2350 grana
1311 2299 1467 2338 cumini

439 2369 536 2409 Hic
570 2376 686 2409 satur
718 2370 873 2421 irriguo
908 2369 1068 2408 mavult
1100 2375 1340 2421 turgescere
1376 2382 1522 2408 somno

438 2439 536 2479 Hic
570 2453 718 2492 campo
753 2439 953 2491 indulget,
988 2439 1118 2479 hunc
1152 2439 1244 2479 alea
1277 2438 1477 2491 decoquit
1508 2438 1577 2478 ille

439 2510 490 2549 In
525 2524 718 2550 venerem
751 2511 922 2562 putrisf‘

230 2604 293 2643 Ex
308 2604 657 2656 philosophorum
671 2603 893 2656 disciplina
904 2610 1029 2656 atque
1040 2618 1115 2643 usu
1126 2604 1337 2643 variorum
1346 2617 1543 2655 generum
1554 2602 1783 2655 hominum,

229 2688 404 2725 quorum
446 2675 516 2714 alii
556 2675 646 2714 aliis
688 2676 799 2714 vitiis
838 2674 1044 2725 laborent,
1084 2674 1344 2713 enumeratio
1384 2673 1578 2726 profecta
1616 2679 1679 2713 est
1717 2686 1781 2712 sa-

229 2744 357 2783 tiricis
399 2746 563 2785 usitata.
626 2745 676 2785 In
714 2744 877 2785 Lucilio
915 2746 1025 2784 enim
1064 2745 1202 2798 (608st
1248 2758 1381 2793 „nunc
1411 2778 1418 2785 .
1448 2777 1455 2784 .
1485 2777 1493 2785 .
1521 2743 1609 2783 his“
1643 2742 1780 2783 verbis

229 2822 514 2854 memorantur
553 2815 776 2856 ambitiosi.
817 2815 886 2868 (cf.
916 2815 1068 2868 Marx.)
1144 2815 1202 2854 Et
1241 2814 1353 2866 apud
1394 2813 1619 2854 Horatium
1669 2818 1783 2853 extat

230 2897 349 2924 serm.
378 2887 410 2932 1,
434 2889 471 2925 4.
498 2888 668 2937 25sqq.:
