1944 3226
231 208 287 245 41
1542 202 1619 253 lv,
1637 205 1702 254 38.
1719 204 1785 244 49.

229 323 372 374 inopia
406 335 454 361 ac
490 322 693 361 sermonis
731 320 890 359 vilitate
931 334 1145 371 nunquam
1186 319 1409 371 sordescit,
1449 320 1706 372 „plantaria“
1746 325 1786 360 et

232 392 429 444 „filicem“
453 393 594 431 iocose
614 391 733 430 villos
759 391 991 429 nominavit
1014 390 1176 429 scilicet
1199 389 1249 429 de
1269 404 1343 430 suo
1366 390 1553 443 leporem
1575 389 1784 442 quendam

231 476 280 502 ac
313 462 441 501 salem
477 466 727 501 consecutus
763 460 813 499 de
847 460 1104 511 agricultura
1136 461 1317 512 imagine
1356 467 1508 500 tracta:
1553 460 1663 512 „filix
1703 474 1782 500 non

230 532 486 571 mansuescit
530 534 694 570 aratro‘·'
735 552 778 562 ω
818 530 943 582 Verg.
977 544 1117 583 georg.
1153 534 1188 582 2.
1214 533 1314 570 239:
1362 531 1508 581 „tellus
1552 544 1632 571 non
1666 563 1673 570 .

232 602 485 642 mansuescit
520 600 721 642 arando··.
787 600 870 641 Ubi
904 600 954 640 de
990 600 1125 640 Persii
1170 600 1349 640 audacia
1393 603 1474 641 iam
1510 600 1785 654 Nemethyius

230 679 343 712 recte
381 672 562 721 monuit3
605 685 701 711 nam
738 672 907 723 proprie
949 684 1031 711 non
1072 670 1169 721 filix,
1216 671 1288 711 sed
1335 685 1434 724 ager
1477 671 1586 712 filice
1625 670 1785 711 obsitus

230 742 485 782 mansuescit
517 748 670 782 aratro.

347 814 414 853 49.
477 813 534 863 „si
568 812 711 864 puteal
748 812 878 851 multa
915 818 1062 851 cautus
1096 811 1231 852 vibice
1265 811 1486 864 flagellas.“
1550 811 1691 852 Locus
1725 818 1787 852 est

230 883 536 922 vexatissimus.
612 880 860 935 Spectemus
906 883 1086 935 singula:
1143 883 1286 934 puteal
1331 883 1447 923 locus
1491 890 1581 923 erat
1623 882 1785 923 Romae

230 952 283 992 ad
317 967 440 1005 quem
475 952 701 993 veniebant
733 952 1007 1003 feneratores,
1053 954 1094 992 in
1142 967 1223 1005 quo
1270 952 1453 993 tribunal
1494 952 1657 993 solebat
1696 967 1787 993 csse

230 1025 436 1076 praetoris
484 1022 709 1076 (Ps-Acro
751 1023 901 1063 Horat.
942 1037 1061 1063 serm.
1102 1026 1139 1075 2,
1165 1026 1200 1075 6,
1225 1023 1298 1077 35)
1346 1022 1523 1063 Libonis
1570 1021 1786 1064 Scribonis

230 1094 292 1133 vel
323 1092 650 1134 Scribonianum
674 1095 915 1134 nominatur
943 1095 1052 1133 inter
1078 1093 1302 1135 Castorum
1326 1093 1547 1146 Templum
1573 1100 1614 1134 et
1628 1093 1786 1134 Vestae

229 1163 397 1204 Aedem
417 1165 519 1204 situs
536 1164 732 1217 (Richter
754 1171 916 1217 topogr.
931 1164 1053 1206 Rom.
1071 1164 1142 1206 IW.
1164 1165 1337 1204 Mueller
1351 1179 1389 1217 p.
1408 1167 1532 1218 103).
1566 1163 1786 1216 ,,Ῡ11)ἰοε3“

231 1242 326 1275 sunt
352 1235 501 1287 plagae
526 1234 747 1274 verberum
773 1236 813 1274 in
841 1249 1016 1288 corpore
1040 1235 1224 1275 humano
1250 1234 1386 1288 (Paul.
1411 1249 1461 1274 ex
1482 1235 1596 1276 Fest.
1617 1249 1655 1288 p.
1673 1236 1785 1288 369.)

230 1306 293 1345 vel
354 1307 627 1345 exercitatum
688 1304 932 1345 verberibus
993 1319 1144 1358 corpus
1209 1306 1365 1359 (Varro
1398 1306 1495 1358 ling.
1526 1308 1560 1357 7,
1589 1306 1659 1359 63)
1722 1305 1788 1345 vel

229 1376 447 1428 plagarum
501 1376 675 1416 vulnera
726 1375 909 1429 (Nonius
952 1379 1046 1428 187,
1070 1380 1152 1430 24).
1240 1377 1438 1429 Explicat
1495 1377 1543 1426 „0⁰
1586 1377 1782 1429 μα’)λοημϋί

231 1444 448 1500 (Strieme)
482 1460 585 1487 voce
626 1445 906 1487 Cassiodorus
949 1446 999 1486 de
1041 1446 1344 1499 orthographia
1384 1445 1463 1488 GL
1500 1446 1591 1486 VII
1627 1449 1726 1497 193,
1752 1449 1787 1486 2.

233 1515 317 1557 Sed
347 1516 532 1568 Augusti
565 1518 650 1556 iam
673 1516 932 1569 temporibus
961 1517 1128 1557 videtur
1159 1517 1289 1557 fuisse
1322 1531 1403 1557 vox
1435 1515 1656 1565 inusitata3
1691 1531 1785 1557 nam

230 1587 346 1627 Festi
392 1588 617 1640 explicatio
658 1587 798 1627 Verrii
842 1588 987 1628 Flacci
1039 1602 1138 1627 sane
1192 1587 1391 1640 profluxit
1443 1602 1494 1628 ex
1546 1587 1695 1628 studiis
1747 1594 1787 1628 et

230 1657 439 1698 Plautinis
463 1664 504 1697 et
528 1659 788 1710 antiquariis.
841 1658 902 1698 Ex
926 1658 1078 1699 Plauto
1106 1659 1216 1698 enim
1241 1659 1381 1698 attulit
1396 1658 1534 1698 Varro
1558 1659 1655 1710 ling.
1681 1661 1716 1708 7,
1733 1660 1785 1699 63
1830 1650 1833 1652 v

231 1736 299 1773 (ex
332 1728 575 1781 Fugitivis):
623 1726 654 1784 †
688 1742 839 1781 agerge
879 1734 1041 1781 specta,
1080 1728 1175 1769 vide
1214 1720 1368 1769 virices
1404 1735 1582 1781 quantas
1617 1754 1671 1758 —
1704 1730 1786 1768 iam

229 1799 391 1850 inspexi
405 1796 436 1854 ’ξ-
452 1798 621 1851 quidem
638 1797 776 1839 esset‘?
802 1797 1181 1853 (Goetz-Schoell.)
1210 1799 1340 1853 (apud
1351 1798 1539 1839 Leonem
1554 1799 1604 1839 H
1618 1813 1655 1852 p.
1673 1799 1786 1852 536.)

349 1868 608 1921 „flagellare‘
643 1877 782 1910 autem
818 1869 1069 1910 vocabulum
1105 1869 1219 1922 quod
1252 1869 1331 1909 sibi
1359 1870 1459 1910 velit
1488 1876 1665 1910 constat.
1718 1869 1788 1910 Ita

229 1940 550 1980 iurisconsultos
584 1939 796 1992 „infligere
827 1942 999 1980 usuras‘’'
1033 1940 1188 1980 dixisse
1218 1940 1494 1993 Nemethyius
1525 1939 1786 1980 demonstra-

229 2011 298 2050 vit.
343 2010 400 2050 Et
422 2024 547 2063 „opes
566 2010 814 2063 flagellare“,
842 2025 1078 2062 „annonam
1094 2010 1330 2063 flagellare“
1355 2010 1478 2064 (Plin.
1496 2017 1578 2051 nat.
1595 2012 1785 2063 33,164.)

232 2080 414 2120 Romani
448 2080 639 2121 solebant
673 2082 814 2134 eloqui
853 2083 952 2121 item
994 2095 1042 2122 ac
1076 2082 1320 2134 „pecuniam
1361 2082 1543 2134 agitare“
1577 2080 1693 2135 (Seu.
1724 2095 1786 2134 ep.

234 2153 327 2201 101,
357 2151 400 2204 4)
441 2165 565 2203 „opes
611 2154 786 2192 vexare‘
827 2151 966 2205 (Mart.
1002 2155 1037 2203 9,
1067 2155 1133 2203 59,
1158 2155 1212 2205 2).
1276 2150 1361 2192 Sed
1407 2166 1500 2192 cum
1545 2152 1650 2193 haec
1695 2153 1787 2204 ipsa

231 2221 479 2273 metaphora
519 2228 630 2262 esset
670 2228 710 2262 et
748 2223 917 2263 licentia
958 2222 1168 2275 quaedam
1208 2223 1411 2263 sermonis
1450 2221 1607 2276 Latini,
1646 2229 1786 2262 tamen

230 2305 328 2331 usus
362 2291 541 2344 vigebat,
575 2306 598 2332 a
623 2306 704 2345 quo
729 2294 895 2345 „puteal
918 2292 1153 2345 flagellare“
1187 2293 1310 2345 plane
1344 2294 1426 2333 alio
1457 2292 1611 2333 obiecti
1634 2307 1785 2345 genere

232 2361 458 2402 substituto
492 2376 663 2415 prorsus
698 2364 881 2403 alienum
914 2363 1043 2403 fuisse
1078 2365 1169 2415 quis
1204 2369 1267 2404 est
1306 2365 1403 2416 quin
1443 2363 1620 2405 videatf‘
1678 2363 1785 2403 Inde

232 2446 331 2472 sane
369 2432 570 2485 profluxit
615 2433 725 2473 unde
763 2434 917 2473 multos
964 2448 1053 2474 esse
1101 2441 1220 2474 natos
1265 2434 1444 2474 vidimus
1477 2434 1612 2474 Persii
1657 2434 1785 2481 locos,

231 2502 325 2542 dico
361 2518 411 2543 ex
443 2505 690 2544 morositate
723 2504 806 2555 illa⁷
842 2518 925 2556 qua
957 2505 1221 2556 investigarit
1253 2510 1379 2557 atque
1412 2510 1699 2557 perscrutatus
1734 2505 1786 2544 sit

232 2574 412 2625 origines
447 2573 627 2626 dicendi⁷
662 2581 706 2614 ut
739 2588 836 2614 suus
859 2574 979 2614 fieret
1002 2588 1151 2614 sermo.
1201 2574 1311 2615 Nam
1347 2581 1459 2614 certe
1493 2574 1543 2614 ad
1570 2575 1783 2627 proprium

232 2645 502 2696 nativumque
537 2658 704 2684 sensum
736 2644 979 2697 flagellandi
1018 2646 1209 2695 recessit3
1252 2641 1442 2685 nummOs
1483 2646 1592 2685 enim
1631 2646 1785 2696 vexari,

231 2727 378 2753 usuras
413 2714 523 2754 effici
558 2729 606 2754 eo
640 2714 730 2755 fieri
761 2716 1027 2768 imaginatur,
1066 2721 1111 2754 ut
1149 2715 1315 2767 „puteal
1348 2714 1617 2767 flagelletuffl,
1657 2728 1784 2767 quare

232 2784 384 2833 ⁷,multa
415 2784 573 2824 vibice‘·'
603 2785 801 2838 adposuit
840 2792 885 2825 ut
917 2785 1042 2825 facile
1074 2799 1140 2825 res
1174 2787 1495 2838 perspiceretur.
1558 2784 1687 2825 Haud
1726 2786 1786 2824 ita

232 2859 369 2893 tamen
405 2855 528 2894 facile
562 2856 663 2895 mihi
698 2855 864 2896 videtur
899 2855 1132 2896 diiudicatu
1161 2855 1331 2907 „vibex‘·'
1364 2857 1501 2908 ipsum
1535 2854 1783 2895 vocabulum

233 2937 365 2974 ecquo
401 2925 574 2965 consilio
610 2928 808 2978 posuerit.
872 2926 969 2966 Hoc
1009 2928 1100 2978 ipso
1140 2925 1267 2966 Verbo
1308 2940 1406 2965 usus
1447 2925 1658 2966 oblivione
1696 2925 1784 2965 fere
