1944 3226
234 226 287 263 38
1542 214 1627 265 ΠΙ,
1643 217 1710 266 48,
1726 216 1793 256 81.

357 337 548 378 Tibullus
576 340 609 381 1,
635 340 671 387 5.
697 338 799 375 309;

414 419 498 469 „Ut
530 432 604 471 per
638 418 763 470 plana
798 418 904 456 citus
941 416 1029 455 sola
1063 414 1238 454 verbere
1272 414 1451 454 turben

415 488 575 541 „Quem
611 488 722 527 celer
756 486 933 527 adsueta
965 492 1105 525 versat
1139 484 1190 525 ab
1225 490 1314 525 arte
1348 488 1487 537 pue1·.“

359 570 441 624 Qui
472 572 614 610 tritum
645 568 882 621 effugerunt
908 567 1172 617 vocabulum,
1207 581 1300 606 cum
1328 565 1498 617 ,βίω-ΒΟ·ζ
1527 567 1796 619 scripserunt.

234 642 344 683 Nam
378 656 501 694 quam
532 655 613 680 non
637 639 766 679 fuerit
790 640 1003 687 usitatum⁷
1027 637 1124 677 inde
1150 638 1313 677 elucere
1340 636 1442 676 mihi
1476 636 1652 688 videtur,
1683 636 1797 689 quod

236 726 390 764 magna
414 726 506 751 cum
532 710 752 763 diligentia
777 710 998 761 nimiisque
1024 707 1271 759 ambagibus
1296 721 1421 759 quam
1437 721 1502 747 res
1523 706 1797 759 comparandi

237 797 365 822 causa
382 781 584 834 poscebat
606 781 727 833 quasi
742 779 1136 832 interpretationem
1154 777 1367 830 quandam
1385 777 1588 830 praebere
1603 776 1799 817 videntur

238 854 383 893 lectori
426 851 618 892 vocabuli
671 864 819 903 reapse
865 857 1082 902 tamquam
1120 849 1336 901 paulisper
1381 847 1647 896 obscusioriS.
1713 846 1797 888 Sed

238 924 438 963 dictionis
475 923 683 974 elegantia
712 920 964 961 antecellere
989 919 1185 959 videntur
1219 918 1361 958 Latini
1386 917 1660 959 Callimacho.
1715 915 1798 970 Qui

239 1008 333 1034 cum
370 994 537 1049 seripsit
572 992 699 1044 epigr.
725 995 758 1041 1,
784 994 827 1031 9:

483 1078 525 1115 οῗ
548 1074 654 1126 (5'1'1'9'
689 1074 772 1114 ὑπὸ
804 1074 983 1126 πληγῇσι
1015 1073 1125 1117 θοὰς
1156 1073 1362 1125 βέμβικας
1396 1073 1555 1124 ἔχοντες

483 1148 682 1197 ἔστρεφον
715 1145 849 1197 εὐρείῃ
882 1144 1027 1187 παῖδες
1060 1143 1115 1183 {vi
1148 1143 1312 1194 τριόδῳ.

239 1231 391 1282 βίεῇιιβιξ
416 1241 514 1267 usus
538 1226 745 1267 vocabulo
768 1227 910 1278 posuit
932 1239 1014 1265 non
1040 1226 1266 1278 poeticum,
1299 1225 1426 1264 immo
1452 1223 1566 1277 quod
1588 1223 1801 1276 proverbii

242 1300 332 1339 loco
372 1305 482 1338 stare
516 1304 701 1350 poterat:
737 1296 957 1349 Aristoph.
982 1309 1043 1337 av.
1071 1298 1200 1336 1460:
1235 1294 1351 1336 πάντ’
1383 1297 1498 1347 ἔχεις.

359 1384 559 1435 βὲιιιβικος
604 1381 727 1421 οὐδὲν
774 1381 984 1432 διαφέρειν
1030 1380 1099 1419 δεῖ.
1162 1377 1247 1419 Ubi
1288 1392 1339 1417 ex
1379 1377 1633 1417 scholiastae
1673 1378 1800 1417 inter-

243 1453 497 1506 pretatione:
536 1453 558 1491 ὁ
593 1452 636 1491 δὲ
668 1452 818 1504 βέμβιξ
850 1450 1059 1502 ἐργαλεῖον
1093 1451 1196 1489 ἐστιν
1223 1450 1245 1489 ὃ
1271 1450 1467 1501 μάστιγι
1500 1449 1802 1501 στρέφουσιν

243 1525 281 1563 ωῖ
306 1524 449 1567 παῖδες
473 1522 543 1575 (cf.
566 1521 758 1562 Persius:
784 1527 1025 1573 torquere
1049 1519 1281 1573 flagello)
1307 1519 1540 1571 simplicem
1565 1532 1613 1558 ac
1637 1519 1802 1571 pervul-

242 1600 383 1646 gatam
401 1593 681 1645 intellegimus
704 1593 763 1631 rei
788 1591 918 1631 fuisse
946 1589 1308 1642 significationem,
1333 1590 1487 1642 quippe
1511 1603 1605 1629 cum
1626 1589 1802 1629 alteram

246 1678 324 1704 11011
354 1663 539 1707 haberet,
574 1676 657 1715 qua
691 1676 841 1702 nomen
879 1661 1120 1713 explicaret.
1174 1660 1285 1700 Male
1320 1666 1458 1699 autem
1494 1660 1604 1699 tollit>
1637 1673 1804 1699 crucem

245 1734 607 1786 interpretationis
643 1731 817 1773 Suitlas:
858 1734 1023 1786 ssefssefivyff
1050 1732 1094 1771 ὁὲ
1117 1732 1139 1771 ὁ
1163 1732 1323 1778 ξύλινος
1358 1731 1605 1784 στρόμβος
1636 1731 1804 1782 poetica

245 1806 405 1845 scilicet
451 1818 554 1843 voce
601 1803 840 1844 substituta.
915 1802 1026 1842 Nam
1073 1803 1281 1854 or96¹11ss09
1325 1807 1450 1854 poeta
1498 1806 1588 1840 erat
1632 1800 1804 1852 dignum

246 1874 507 1915 vocabulum.
578 1873 690 1914 Casu
731 1880 794 1913 est
832 1874 1010 1924 factum,
1050 1879 1095 1912 ut
1134 1874 1246 1919 ἅπαξ
1283 1873 1500 1925 εἰρημένον
1539 1877 1653 1911 extet
1691 1870 1804 1923 apud

246 1946 482 1985 Homerum
507 1946 545 1984 Ξ
562 1947 666 1986 413:
692 1944 798 1984 Aias
825 1944 1056 1983 Hectorem
1080 1944 1333 1996 στρόμβον
1357 1941 1467 1987 ὁίὓς
1489 1944 1629 1983 ἔσσευε
1650 1942 1803 1995 βαλών.

247 2014 383 2068 Quem
417 2015 469 2055 ad
504 2016 641 2055 locum
674 2014 870 2054 manibus
899 2021 1090 2054 tenemus
1115 2014 1508 2066 interpretationem
1532 2012 1804 2053 scholiastae:

246 2088 346 2139 λέγει
372 2087 416 2126 (δὲ
437 2087 519 2126 τὸν
541 2086 858 2138 καλούμενον
880 2086 1110 2138 βέμβικα.
1144 2084 1243 2124 Hoc
1261 2085 1461 2123 usitatum
1482 2089 1572 2123 erat
1588 2097 1805 2134 vocamen,

247 2158 305 2196 illi
345 2164 486 2196 autem
527 2156 769 2210 (orodlussogi
811 2161 945 2195 totum
984 2154 1215 2207 respondet
1247 2154 1423 2194 latinum
1461 2152 1652 2205 „turbo²‘‚
1691 2152 1805 2206 quod

248 2226 438 2267 Tibullus
475 2232 602 2279 poeta
641 2226 977 2278 elegantissimus
1019 2226 1172 2277 solum⁷
1205 2224 1418 2277 Vergilius
1451 2225 1566 2277 prius
1602 2223 1805 2270 adhibuit,

248 2297 437 2338 variandi
493 2311 618 2337 causa
669 2310 768 2337 sane
816 2295 1110 2336 tantummodo
1156 2294 1255 2335 buxi
1299 2308 1402 2335 voce
1447 2300 1674 2334 mutuatus.
1749 2294 1807 2334 Et

250 2370 455 2408 rationem
495 2369 528 2407 si
567 2369 733 2420 quaeris
775 2374 816 2406 et
849 2380 932 2419 qua
964 2373 1053 2406 arte
1092 2367 1133 2406 in
1166 2367 1304 2418 ipsum
1342 2364 1516 2416 ‚ffturbo“
1553 2363 1806 2405 vocabulum

249 2438 433 2478 incidere
467 2439 683 2491 potuerint
716 2438 793 2489 illi,
828 2437 1045 2478 Charisius
1078 2437 1162 2476 iam
1211 2442 1307 2488 apte
1353 2436 1579 2488 explicavit
1613 2433 1664 2476 G.
1689 2434 1736 2474 L.
1769 2434 1805 2485 Ι7

252 2523 289 2561 p.
318 2512 412 2559 145,
439 2513 509 2548 11:
549 2516 615 2558 „et
648 2509 707 2548 ita
740 2514 891 2560 putant
924 2506 1003 2547 dici
1041 2506 1205 2558 debere,
1238 2506 1306 2546 hic
1329 2505 1464 2557 turbo,
1498 2506 1596 2558 quia
1618 2512 1659 2545 et-
1681 2505 1806 2545 homo

252 2586 291 2618 et
324 2585 553 2631 tempestas
595 2584 635 2618 et
668 2577 825 2618 buxum
864 2577 1012 2617 eodem
1052 2578 1216 2630 possint
1256 2577 1514 2616 nominativo
1553 2575 1802 2628 perhiberi.⁴‘

253 2648 424 2689 Summo
464 2651 592 2700 igitur
630 2648 805 2689 consilio
847 2654 888 2687 et
927 2656 1017 2687 arte
1058 2653 1148 2687 erat
1186 2648 1381 2700 positum.
1448 2644 1532 2687 Sed
1573 2647 1806 2686 orationem

252 2720 502 2758 calamistris
534 2720 700 2759 inurere
735 2719 815 2758 hoc
848 2719 941 2758 loco
977 2718 1121 2758 noluit.

371 2804 435 2840 81.
509 2800 751 2849 „Murmura
793 2815 885 2840 cum
926 2814 1069 2840 secum
1109 2806 1150 2840 et
1188 2799 1358 2839 rabiosa
1401 2799 1566 2839 silentia
1611 2797 1807 2838 rodunt‘st

256 2870 311 2910 Ut
340 2872 576 2911 ἐνδιάθετον
607 2871 740 2923 (Acro
766 2870 818 2910 ad
842 2870 993 2911 Horat.
1019 2884 1139 2911 serm.
1167 2874 1200 2921 1,
1225 2874 1262 2921 4,
1288 2870 1387 2923 138)
1419 2869 1694 2921 cogitantium
1723 2882 1806 2908 ser-

253 2954 419 2980 monem
458 2941 687 2980 illustraret
725 2946 1048 2985 murmuratum,
1088 2946 1206 2980 tanta
1243 2939 1530 2980 adfectatione
1567 2938 1808 2979 obscuravit
