1944 3226
686 806 956 858 Subsidia.
1015 807 1173 870 sigla.

156 935 316 968 Textus
357 935 630 968 fundament-um
676 938 727 967 est
764 934 1109 967 Jahni-Buecheleri
1149 935 1258 967 editio
1299 945 1377 966 cum
1417 934 1561 966 scholiis
1600 935 1707 966 tertia

249 994 330 1026 anni
360 993 459 1026 1893.

155 1052 468 1085 Oommentarii
508 1053 651 1094 praesto
690 1051 851 1084 fuerunt:
892 1052 1007 1094 primo
1048 1052 1126 1083 loco
1168 1052 1366 1084 laudandus
1401 1051 1543 1084 Ottonis
1570 1051 1705 1084 Jahni

249 1110 392 1153 Lipsiae
421 1110 520 1143 1843.
556 1122 620 1143 nec
654 1121 724 1143 non
757 1109 1007 1143 Casauboni
1042 1122 1061 1142 a
1087 1109 1281 1143 Dnebnero
1315 1112 1526 1143 retractatus
1559 1109 1704 1152 Lipsiae

253 1169 352 1203 1839.

248 1227 521 1268 Heinrichii,
549 1227 693 1270 Lipsiae
720 1228 818 1259 1814.
874 1227 1074 1269 Anglorum
1100 1226 1532 1270 Conington-Nettleship
1558 1228 1705 1259 Oxonii³

298 1287 396 1319 1893.

248 1345 477 1386 Nemethyi
506 1344 687 1387 Hungari:
714 1343 823 1377 Persii
853 1345 990 1377 satirae.
1043 1343 1324 1377 Eudae-Pestini
1354 1344 1453 1377 1903.

343 1403 423 1436 Non
451 1404 626 1446 inspicere
654 1403 739 1436 mihi
763 1403 862 1435 licuit
881 1402 1154 1436 Consolium:
1181 1402 1224 1435 A.
1246 1402 1358 1435 Persii
1382 1403 1496 1435 Flacci
1516 1404 1701 1435 satirarum

248 1462 344 1495 liber.
389 1462 523 1495 Romae
553 1462 658 1501 19043
691 1461 1044 1494 Romarinonem:
1074 1460 1123 1494 Le
1149 1460 1264 1494 Satire
1291 1462 1326 1493 di
1345 1461 1478 1494 Persio.
1519 1462 1703 1504 Augustae

245 1520 483 1553 Taurinorum
505 1521 610 1556 1905:
630 1520 876 1553 Albinium:
898 1520 1006 1553 Persii
1027 1520 1147 1553 Flacci
1167 1521 1355 1553 satirarum
1376 1521 1473 1553 liber.
1519 1521 1702 1563 Augustae

245 1579 482 1612 Taurinorum
506 1580 604 1612 1907.

339 1649 468 1682 Cetera
492 1649 581 1682 haec
608 1652 688 1682 sunt
715 1649 976 1682 dissertationis
1004 1649 1173 1690 subsidia,
1202 1661 1292 1692 quae
1319 1650 1461 1692 saepius
1489 1650 1661 1682 citantur:

154 1708 508 1741 Pseudo-Acronis
535 1709 673 1741 scholia
699 1709 733 1741 in
762 1708 953 1741 Horatium
982 1720 1049 1741 rec.
1078 1708 1213 1741 Keller.

151 1767 375 1800 Albinius:
403 1767 496 1800 studi
524 1767 661 1799 italiani
690 1767 726 1799 di
752 1766 914 1810 filologia
941 1767 1089 1800 classica
1116 1766 1155 1799 Π
1183 1767 1316 1808 (1894),
1344 1779 1404 1810 pp.
1424 1767 1620 1800 339—373.

150 1824 316 1859 Archiv
348 1826 405 1858 fiir
436 1826 646 1859 lateinische
679 1825 971 1869 Lexikographie
1005 1826 1075 1858 und
1104 1825 1327 1858 Grammatik
1360 1838 1430 1858 von
1457 1825 1602 1859 Eduard
1630 1837 1699 1858 von

248 1884 442 1917 Woelfflin.
495 1884 561 1917 Bd.
580 1884 730 1918 I—XV.
1517 1901 1562 1912 =
1589 1885 1701 1917 arch,

150 1942 196 1976 M.
223 1943 363 1976 Annaei
389 1942 523 1976 Lucani
553 1946 755 1976 commenta
780 1943 1024 1976 Bernensia
1059 1944 1253 1976 seeundum
1280 1944 1477 1976 edit-ionem
1502 1943 1698 1976 Hermanni

244 2001 405 2035 Useneri.
457 2001 677 2044 Lips.1869.

149 2060 244 2093 Aelii
272 2060 437 2093 Donati
465 2063 705 2093 commentum
734 2059 876 2093 Terenti
904 2060 1177 2094 rec.1Vessner.

154 2119 428 2152 Festi-Pauli
462 2119 505 2152 de
532 2120 723 2152 verborum
751 2119 1013 2162 significatione
1042 2120 1131 2153 liber
1157 2120 1352 2152 secundum
1378 2119 1497 2152 Caroli
1525 2120 1700 2153 Odofredi

245 2177 408 2210 Muelleri
435 2178 629 2210 editionem
657 2177 801 2220 Lipsiae
831 2179 930 2210 1880.

149 2235 286 2279 Corpus
319 2237 638 2279 glossariorum
678 2237 869 2269 latinorum
903 2238 982 2270 edd.
1017 2236 1375 2270 Loewius-Goetzius
1410 2249 1490 2270 cum
1522 2238 1701 2270 indicibus

242 2295 326 2329 voll.
353 2293 528 2328 H-VH.
1498 2312 1543 2323 ε
1569 2297 1699 2339 gloss

149 2352 437 2386 Grammatiei
465 2354 567 2386 latini
595 2365 637 2387 ex
663 2355 872 2387 recensione
898 2354 1047 2388 Henrici
1075 2355 1198 2388 Keilii.
1565 2371 1607 2383 z
1635 2354 1699 2387 Gr.

148 2411 364 2445 Heraeus:
397 2411 466 2445 Die
494 2411 653 2455 Sprache
685 2414 746 2446 des
772 2413 905 2446 Petron
938 2414 1008 2446 und
1037 2414 1094 2446 die
1123 2413 1285 2446 Grlossen.
1336 2413 1459 2456 Progr.
1489 2412 1697 2446 Offenbacli.

245 2471 343 2503 1899.
1417 2489 1463 2499 -—-
1489 2471 1698 2505 Heraeus.

148 2528 314 2561 Isidori
344 2528 584 2572 Hispaliensis
604 2530 762 2573 episcopi
785 2531 1083 2573 etymologiarum
1110 2531 1190 2564 libri
1209 2530 1289 2563 XX.
1309 2547 1355 2558 =
1374 2542 1502 2573 corpus
1521 2543 1697 2573 gramma-

241 2588 393 2620 ticorum
413 2588 606 2621 latinorum
621 2592 779 2622 veterum
799 2600 841 2622 ex
859 2590 1067 2622 recensione
1082 2589 1256 2622 Friderici
1273 2588 1510 2622 Lindemanni
1525 2592 1610 2622 tom.
1627 2589 1696 2622 III.

240 2645 384 2688 Lipsiae
406 2645 505 2678 1833.
1109 2664 1154 2675 z
1180 2647 1339 2681 Isidor.
1368 2651 1490 2690 etym.
1512 2649 1569 2681 vel
1591 2649 1698 2691 orig.

146 2703 320 2737 Aemilius
347 2704 645 2738 Luebeckius:
673 2704 916 2748 Hieronymus
945 2718 1033 2749 quos
1061 2707 1202 2739 noverit
1228 2707 1420 2749 scriptores
1449 2708 1484 2739 et
1510 2718 1552 2740 ex
1571 2707 1697 2750 quibus

240 2762 409 2796 hauserit.
460 2762 606 2806 Lipsiae
636 2764 735 2796 1872.

147 2820 188 2853 G.
216 2820 419 2854 Mueller:
448 2822 492 2854 de
519 2822 661 2865 linguae
689 2823 821 2855 latinae
848 2823 1090 2856 deminutivis.
1131 2824 1213 2856 diss.
1234 2823 1331 2866 Lips.
1354 2825 1453 2857 1885.

509 2878 511 2881 ⁵
1354 2899 1399 2910 --—-
1425 2883 1578 2916 Mueller
1604 2884 1694 2916 dem.
