1944 3226
116 144 216 225 ΔἮ,
234 176 298 215 73.
1633 154 1694 211 59'

141 304 164 330 a
196 290 290 329 fuso
333 291 356 329 i.
391 303 424 329 e.
459 290 640 341 ἠλακάτη
686 295 814 328 recto.
854 288 1057 341 (Marxius
1098 288 1151 328 ad
1190 288 1324 329 Lucil.
1354 289 1465 341 298.)
1526 287 1688 341 Quibus

141 374 235 400 cum
261 360 453 411 congruit
476 358 709 411 Porphyrio
734 358 788 398 ad
809 358 961 399 Horat.
986 372 1110 399 carm.
1128 361 1163 409 3,
1185 362 1248 409 12,
1269 361 1312 398 5:
1339 359 1520 411 qualum,
1543 359 1689 410 inquit,

138 430 441 482 metonymicos
466 442 540 480 pro
565 428 747 468 lanificio
773 428 887 468 dixit.
935 427 1020 469 Sed
1044 429 1237 468 mulieres
1262 442 1336 480 per
1360 428 1688 468 deminutionem

138 500 352 539 vasculum
386 498 467 538 hoc
502 504 705 550 usurpant
738 499 959 550 quasillum
996 498 1194 540 dicentes,
1248 498 1345 538 Hoc
1379 504 1519 538 autem
1553 505 1614 538 est
1647 500 1686 537 in

140 583 221 622 quo
254 582 408 621 pensa
441 569 506 608 vel
539 575 726 608 tramas
758 569 989 609 revolvunt.

261 638 345 680 Sed
378 645 470 678 utut
503 652 568 678 res
603 652 646 678 se
680 638 818 689 habet,
852 640 1022 678 missam
1055 638 1194 678 facere
1227 639 1310 678 iam
1344 638 1488 678 licebit
1519 639 1689 678 investi-

139 711 369 762 gationem3
420 708 535 748 filum
580 710 717 761 ipsum
764 710 951 761 potuisse
997 708 1141 749 audire
1181 716 1358 748 tramam
1410 714 1575 748 constat
1614 722 1690 748 nec

137 779 428 832 glossographi
452 778 518 818 IV
540 782 635 829 397,
658 781 711 818 45
737 780 1022 819 testimonium
1051 782 1078 827 (2
1096 785 1232 818 trama
1251 779 1316 818 vel
1338 780 1481 818 tramis
1504 785 1691 818 extrema

141 863 235 902 pars
269 850 524 902 vestimenti)
560 858 647 889 non'
677 856 815 902 potest
848 850 927 889 nisi
961 848 1012 889 de
1045 848 1114 889 filo
1148 849 1344 900 intellegi.
1407 848 1530 889 Unde
1565 862 1690 901 quam

138 920 265 959 facile
311 919 590 959 transferatur
629 918 682 958 ad
721 919 948 959 humanum
984 933 1152 971 corpus,
1198 925 1242 958 ut
1283 918 1541 970 significetur
1573 920 1690 959 cuius

138 988 269 1029 fibrae
304 995 462 1029 restent
502 989 795 1029 tantummodo
830 990 872 1042 (ji.
903 1004 935 1031 e.
970 990 1088 1042 quasi
1123 995 1309 1029 extrema
1340 1003 1437 1041 pars
1472 990 1690 1041 corporis),

141 1059 253 1112 quod
287 1061 513 1112 ἅραχναῖον
543 1061 730 1100 caelator
765 1059 979 1099 Leonidas
1016 1059 1268 1099 Tarentinus
1297 1060 1527 1099 nominavit
1558 1058 1689 1099 Anth.

141 1130 228 1170 Pal.
255 1133 289 1181 7,
313 1133 408 1178 472,
439 1134 499 1173 12.
523 1130 673 1183 (addas
698 1128 975 1170 Geffckeuum
1001 1129 1159 1183 Cynica
1186 1132 1294 1169 1909
1321 1144 1356 1182 p.
1385 1130 1466 1183 16),
1484 1143 1604 1169 nemo
1629 1137 1692 1169 est

141 1201 239 1253 quin
275 1200 418 1240 videat
451 1209 491 1240 et
536 1201 616 1241 hoc
661 1208 724 1240 est
766 1203 902 1253 ipsum
938 1200 1048 1253 quod
1096 1213 1221 1252 supra
1262 1201 1544 1239 concessimus
1579 1199 1690 1239 haud

141 1272 201 1310 ita
235 1285 324 1311 esse
349 1271 529 1310 alienum
557 1286 579 1311 a
601 1271 712 1322 volgi
745 1272 925 1322 ingenio,
959 1277 1003 1309 ut
1030 1276 1216 1319 ,.trama'·‘
1245 1271 1411 1310 nomine
1446 1269 1691 1309 denotatum

140 1342 181 1380 in
219 1355 289 1381 ore
324 1342 410 1381 eius
446 1348 570 1393 atque
606 1355 680 1380 usu
714 1347 924 1380 versatum
958 1342 1093 1393 possit
1126 1341 1357 1392 cogitari.¹)

273 1410 357 1452 Sed
390 1411 525 1451 Persii
565 1412 779 1451 licentiam
823 1412 864 1450 in
900 1410 1238 1463 conglutinandis
1278 1409 1494 1450 vocabulis
1532 1418 1691 1450 ..trama

140 1480 322 1533 figurae²‘
372 1483 637 1533 agnoscimus
679 1488 833 1533 notam,
879 1481 992 1534 quod
1039 1481 1232 1533 effugisse
1280 1481 1395 1520 vides
1441 1482 1690 1532 interpretes

141 1565 330 1592 acumen.
393 1551 525 1591 Haud
571 1553 680 1591 enim
727 1553 828 1591 satis
874 1551 1002 1592 habet
1045 1553 1221 1591 maciem
1268 1552 1382 1590 illam
1422 1558 1555 1590 trama
1590 1565 1691 1591 voce

142 1621 355 1674 denotare,
393 1621 601 1674 ‚figurae“
640 1622 814 1668 addidit,
855 1636 936 1674 quo
977 1621 1077 1674 quid
1110 1622 1290 1662 voluerit
1323 1623 1355 1661 si
1389 1623 1482 1673 quis
1517 1623 1691 1673 quaerit,

142 1705 214 1731 eae
250 1706 354 1744 quas
405 1706 554 1745 „saepe
600 1692 753 1744 figuras
799 1694 1038 1732 contuimur
1083 1694 1207 1732 miras
1254 1693 1560 1743 simulacraque
1600 1692 1691 1731 luce

142 1767 382 1802 carentum⁴‘
421 1762 605 1816 (Lucret.
640 1763 704 1802 D*
729 1763 889 1816 34sq.),
935 1764 999 1802 Vel
1042 1763 1211 1815 „quales
1251 1770 1385 1802 morte
1426 1762 1539 1803 obita
1578 1762 1692 1802 fama

142 1838 204 1872 est
236 1833 411 1873 volitare
443 1832 623 1885 figuras“
652 1833 795 1886 (Verg.
820 1833 927 1873 Aen.
952 1833 997 1873 X
1023 1834 1134 1886 641.)
1169 1833 1314 1873 Persio
1348 1834 1387 1872 in
1424 1834 1561 1872 animo
1597 1837 1693 1872 sunt

141 1904 309 1955 εἴδωλα,
359 1904 516 1943 locutio
570 1917 669 1943 sane
721 1903 1013 1943 audacissima.
1088 1902 1210 1943 Licet
1254 1904 1380 1955 igitur
1425 1904 1507 1943 sint
1551 1904 1692 1955 aliqua

141 1973 339 2025 volgaria,
354 1975 668 2030 ¹compositione
694 1973 1008 2026 splendescunt3
1039 1980 1188 2013 ornatu
1213 1973 1441 2013 accedente
1464 1973 1691 2025 volgaritas

144 2044 231 2083 eius
265 2043 550 2095 absconditur,
584 2046 684 2084 artis
718 2044 905 2084 vindicat
938 2044 1132 2097 palmam.

264 2172 288 2214 ¹)
316 2172 483 2204 meliores
511 2172 647 2205 evitant
672 2173 744 2205 tale
770 2172 985 2205 vocabulum
1013 2172 1220 2214 scriptores:
1249 2172 1293 2204 cf.
1318 2170 1482 2214 Propert.
1507 2170 1560 2204 IV
1583 2171 1612 2211 5,
1632 2171 1692 2203 61:

145 2240 232 2272 „per
257 2232 382 2263 tenues
410 2241 491 2263 ossa
517 2232 597 2263 sunt
623 2233 810 2264 numerata
836 2233 968 2263 cutes.“
