1944 3226
202 181 253 219 56
1487 180 1538 231 V,
1558 183 1660 232 1493
1679 181 1755 222 VI.

199 295 381 346 macht‘·',
427 295 865 347 Kiessling-Heinze),
916 295 1199 336 feneratorem
1244 298 1378 350 ipsum
1425 298 1484 337 ita
1528 297 1754 338 facientem

200 365 403 405 habemus
442 367 483 405 in
524 365 685 406 Persio.
750 363 835 406 Sed
876 365 1053 406 debetur
1090 366 1262 406 Horatii
1301 369 1469 418 ingenio
1502 367 1638 408 Persii
1677 382 1755 409 ars.

200 435 349 488 Neque
390 437 500 475 enim
542 442 604 475 est
636 435 786 475 vocula
826 442 910 475 tam
951 437 1098 476 leviter
1136 451 1184 476 ac
1219 438 1494 490 negligenter,
1540 444 1585 478 ut
1623 439 1757 491 possit

198 506 380 546 fortasse
413 506 558 557 videri,
593 505 769 548 delecta.
831 506 938 547 Nam
975 508 1164 559 quamvis
1198 508 1388 560 paulum,
1422 515 1562 549 tamen
1596 508 1755 562 aliquid

201 576 376 616 infuisse
411 577 524 616 aucti
557 582 598 616 et
631 578 814 617 sermoni
847 577 1108 629 gradationis
1144 576 1271 619 Silius
1303 578 1479 619 Italicus
1513 581 1630 620 testis
1665 593 1755 620 esse

198 647 298 686 mihi
322 646 498 698 videtur,
533 648 602 699 qui
631 646 754 699 (Pun.
779 650 813 699 7,
837 647 961 694 497):
997 662 1235 700 „pascere
1270 663 1345 689 nec
1377 649 1547 690 Poenus
1579 664 1755 703 pravum

198 730 247 756 ac
275 718 470 757 nutrire
497 717 681 757 furorem
706 717 877 757 deerat“
906 732 987 758 non
1012 724 1179 771 poterat
1202 720 1291 759 sine
1315 721 1416 760 artis
1439 721 1604 760 iactura
1627 721 1754 773 negli-

197 794 353 839 genter,
394 794 438 827 ut
470 802 635 828 versum
669 789 856 841 expleret
891 789 1197 841 tantummodo,
1232 791 1397 842 iterare,
1431 792 1509 830 nisi
1539 791 1755 844 pugnandi

197 857 414 898 libidinem
448 864 489 898 et
521 861 804 899 sustentari
838 865 878 899 et
911 861 1086 912 augeri
1118 860 1251 899 voluit
1283 861 1530 913 significare.

314 939 406 981 Nec
452 947 592 981 cetera
636 942 768 981 latent
812 942 895 981 loci
941 941 1130 983 artificia.
1193 942 1439 994 ,.Deunces“
1479 944 1592 983 solus
1632 945 1754 984 nimis

197 1010 401 1051 audacter
433 1012 663 1064 appellavit
696 1011 890 1063 ‚,avidos“
925 1026 1051 1065 quam
1079 1020 1120 1052 ut
1150 1014 1347 1052 usitatam
1375 1015 1416 1053 in
1443 1013 1524 1054 hoc
1546 1013 1754 1055 vocabulo

198 1081 489 1134 metaphoram
534 1082 665 1122 fuisse
712 1084 985 1135 suspicamur.
1050 1082 1257 1123 Tulerunt
1297 1084 1396 1136 alia,
1442 1098 1550 1136 quae
1589 1090 1755 1125 versata

196 1153 255 1192 ita
291 1166 381 1192 esse
420 1154 460 1192 in
501 1153 644 1205 lingua
684 1152 840 1193 Latina
878 1152 1078 1193 Lucanus
1119 1159 1159 1193 et
1193 1152 1353 1195 Statius
1393 1160 1618 1194 testantur:
1658 1168 1755 1195 nam

197 1223 342 1264 Phars.
378 1227 410 1272 1,
449 1226 528 1263 181
578 1237 726 1263 usura
766 1226 960 1275 „vorax‘·‘,
1004 1224 1222 1275 „avidunff
1260 1224 1405 1265 fenus
1445 1225 1564 1265 audit
1602 1226 1690 1266 silv.
1719 1229 1754 1277 2,

198 1298 233 1343 2,
261 1297 353 1335 151.
418 1294 541 1335 Unde
575 1294 746 1334 Persius
781 1294 835 1334 ad
870 1294 1052 1335 deunces
1086 1296 1311 1339 transtulit,
1346 1302 1387 1336 et
1420 1297 1754 1348 spectatissimae

197 1366 494 1405 concinnitatis
530 1379 657 1405 causa
691 1366 969 1418 quincuncem
1004 1365 1290 1416 „modestum“
1324 1366 1430 1406 dixit
1463 1366 1514 1406 de
1548 1380 1623 1407 suo
1656 1366 1755 1406 ficta

197 1436 399 1475 oratione.

315 1517 512 1570 Denique
559 1532 749 1558 nummos
795 1519 837 1558 in
882 1518 1030 1558 fenore
1076 1520 1238 1571 positos
1281 1533 1506 1572 „peragere
1547 1518 1754 1560 deunces‘⁴

197 1587 437 1641 (‚,bringen··
479 1590 568 1644 ¹¹:12
599 1609 654 1622 z
685 1589 819 1644 11⁴'s0)
867 1591 1023 1642 passim
1062 1591 1103 1629 in
1144 1589 1358 1630 cotidiano
1400 1604 1592 1630 sermone
1633 1596 1673 1630 et
1711 1591 1752 1630 in

194 1659 344 1699 litteris
390 1660 543 1698 usitate
589 1658 804 1709 dicebant,
850 1659 1052 1711 „sudore“
1099 1659 1291 1700 additum
1336 1660 1471 1701 Persii
1516 1662 1754 1701 morositati

196 1729 385 1770 debetur.

840 1882 1010 1926 Satura
1033 1884 1111 1926 VI.

313 1978 362 2017 In
404 1978 482 2018 hac
523 1986 665 2018 satura
705 1979 934 2030 inquirenti
967 1978 1103 2019 Persii
1141 1980 1356 2031 ingenium
1389 1980 1525 2019 minus
1559 1979 1752 2019 lascivire

194 2048 360 2088 videtur
392 2063 517 2101 quam
550 2050 591 2088 in
626 2050 810 2101 reliquis.
866 2049 1044 2102 Saepius
1079 2050 1188 2089 enim
1221 2049 1338 2089 humi
1372 2055 1503 2089 strata
1531 2057 1593 2089 est
1617 2050 1751 2090 oratio

197 2133 272 2158 nec
304 2133 379 2171 per
408 2119 596 2159 laborem
620 2121 812 2172 quaesita
837 2134 971 2172 neque
995 2119 1102 2160 adeo
1128 2119 1342 2171 Persiana,
1375 2126 1419 2160 ut
1444 2119 1751 2160 obscurissimis

196 2188 354 2231 floreat.
396 2189 506 2231 Sane
532 2192 641 2230 enim
664 2191 912 2243 plerumque
937 2204 1019 2231 non
1041 2196 1169 2243 poeta
1188 2192 1278 2243 ipse
1296 2196 1456 2243 regnat,
1480 2190 1554 2230 sed
1571 2191 1753 2231 instituit

196 2274 289 2300 cum
328 2260 576 2314 heredipeta
615 2275 870 2311 sermone1n3
912 2263 970 2301 rei
1010 2262 1143 2314 magis
1183 2275 1309 2313 quam
1349 2262 1428 2301 arti
1461 2260 1535 2301 dat
1568 2275 1752 2314 operam.

194 2330 285 2371 Neo
318 2338 457 2371 tamen
493 2331 644 2371 desunt
678 2333 847 2372 omnino
882 2331 1077 2381 artificia,
1111 2346 1219 2384 quae
1253 2337 1442 2371 nostrum
1472 2337 1534 2372 est
1557 2338 1751 2373 tractare.

194 2401 261 2441 Ao
295 2403 386 2454 quis
422 2416 503 2442 non
535 2404 675 2442 statim
713 2409 914 2454 agnoscet
950 2402 1084 2442 Persii
1116 2403 1329 2455 ingenium
1360 2416 1411 2442 ex
1439 2416 1475 2442 v,
1501 2405 1572 2442 10:
1611 2408 1750 2454 „post-

194 2486 317 2524 quam
354 2472 632 2512 destertuit
666 2487 754 2513 esse
789 2472 1072 2524 Maeonides&
1107 2487 1245 2512 nonne
1274 2473 1363 2525 ipse
1397 2473 1582 2513 cernitur
1613 2473 1647 2512 is
1681 2474 1752 2525 qui

193 2556 227 2583 V.
255 2545 325 2582 17:
365 2544 554 2595 „signum
587 2544 627 2583 in
662 2543 814 2596 vapida
851 2557 952 2583 naso
987 2544 1124 2596 tetigit
1152 2543 1370 2595 lagoena“,
1405 2556 1543 2583 nonne
1583 2549 1752 2593 „costa

194 2614 320 2652 ratis*
365 2613 529 2665 dicitur,
570 2628 706 2654 nonne
747 2615 933 2664 „nescire
969 2617 1166 2666 paratus*
1204 2627 1300 2653 vere
1333 2611 1566 2653 Persiane?
1628 2613 1751 2654 Haec

194 2684 370 2735 quisque
395 2683 519 2724 videt.
563 2683 648 2725 Sed
672 2690 769 2724 sunt
792 2683 931 2724 dubia.
973 2683 1041 2724 Ac
1065 2685 1245 2737 primum
1269 2683 1323 2723 ad
1345 2698 1380 2725 v.
1399 2686 1464 2725 52.
1490 2684 1750 2737 („exossatus

194 2760 340 2805 ager··)
381 2754 638 2795 concedetur
675 2756 812 2808 ipsum
857 2768 978 2804 „ossa
1019 2756 1201 2795 eximere
1237 2758 1363 2806 agro⁸⁶
1408 2755 1508 2794 satis
1549 2753 1752 2794 audacter

194 2823 276 2863 dici
311 2823 361 2863 de
396 2839 495 2876 agro
530 2825 740 2877 lapidibus
776 2839 857 2865 non
892 2825 999 2865 adeo
1033 2831 1211 2878 purgato
1246 2831 1290 2865 ut
1318 2823 1450 2877 probe
1476 2824 1610 2864 cultus
1635 2825 1688 2864 sit
1710 2830 1751 2864 et

192 2893 411 2945 fecundus,
439 2901 577 2935 tamen
611 2909 731 2945 „ossa
757 2898 918 2935 te1·rae‘·'
945 2895 1066 2948 volgo
1097 2895 1233 2935 dictos
1264 2909 1354 2935 esse
1386 2894 1547 2947 lapides
1573 2893 1749 2936 Ovidius
