1944 3226
1613 162 1663 198 61

122 279 263 329 „nigra
308 276 420 329 quod
464 275 603 316 infusa
649 277 836 315 vanescit
869 277 985 328 sepia
1017 276 1209 329 lympha‘⁴
1244 274 1298 329 (3,
1325 275 1407 327 13),
1452 275 1596 327 „bullit
1627 277 1667 315 111

122 347 258 387 unda⁴‘
296 346 398 399 (34),
432 347 683 398 „ingeminat
706 345 905 386 tremulos
931 360 1031 385 naso
1057 347 1266 398 crispante
1292 345 1542 385 cachinnos“
1567 346 1670 399 (87),

121 418 327 469 „excussit
370 417 495 456 timor
539 417 712 456 ‘aristas‘
746 416 876 469 (115),
930 416 1093 467 „puteal
1139 415 1273 456 vibice
1318 414 1528 467 fiagellas“
1567 415 1669 469 (49),

122 487 172 527 cf.
206 490 248 536 5,
280 489 332 526 10
349 500 437 538 sqq.
482 486 682 537 „tectoria
724 486 914 537 linguae‘·'
960 485 1021 539 (5,
1053 488 1141 539 25),
1191 487 1330 538 „avias
1376 485 1427 525 de
1472 485 1669 538 pulmone

121 557 296 597 revello“
331 556 433 609 (92),
486 557 617 607 „ratio
652 562 856 596 secretam
889 557 1018 608 garrit
1055 557 1095 595 in
1130 558 1296 596 aurem·‘'
1331 556 1434 609 (96),
1487 561 1670 607 „cretata

122 626 317 666 ambitio⁸⁵
342 629 473 680 (177).
497 634 542 666 ut
565 640 672 678 quae
694 627 874 666 maxime
899 633 994 665 sunt
1018 627 1245 678 conspicua
1275 627 1436 678 eligam.
1480 624 1670 678 Quorum

122 698 306 737 omnium
329 688 517 736 locorum
541 710 607 736 ars
636 698 676 735 in
708 710 755 736 eo
786 696 899 747 latet,
933 695 1046 748 quod
1076 705 1175 736 nota
1204 710 1278 748 per
1301 710 1343 736 se
1366 703 1491 748 atque
1516 697 1670 735 usitata

120 766 327 807 vocabula
386 781 479 806 cum
541 766 713 806 diversis
773 774 899 818 atque
961 765 1247 806 dissimillimis
1299 780 1423 818 saepe
1470 767 1529 805 ita
1575 774 1670 805 sunt

121 839 356 887 coniuncta,
390 842 434 876 ut
468 851 617 876 novum
643 836 850 889 quendam
876 835 1059 876 habeant
1084 837 1278 887 colorem,
1314 850 1463 876 novam
1491 835 1670 875 reddant

120 909 340 948 rationem.

239 988 321 1042 Qui
345 1003 438 1029 cum
463 990 513 1028 sit
538 995 718 1028 statutus
742 988 875 1028 Persii
900 987 1108 1028 scribendi
1134 988 1496 1041 componendique
1519 987 1668 1027 modus

121 1074 169 1100 ac
201 1061 346 1111 genius
381 1060 584 1099 sermonis
618 1058 820 1109 Persiani,
854 1072 963 1098 nunc
997 1066 1185 1098 nostrum
1219 1064 1292 1109 est,
1332 1064 1536 1110 quatenus
1571 1072 1668 1097 con-

120 1136 240 1182 gruat
273 1130 376 1169 haec
409 1144 475 1169 ars
508 1129 712 1169 Persiana
745 1143 838 1169 curn
878 1131 1004 1169 totius
1038 1129 1147 1169 illius
1191 1130 1282 1168 aevi
1317 1135 1404 1168 arte
1438 1142 1487 1168 ac
1521 1127 1668 1168 studiis

119 1201 332 1240 litterariis
366 1200 579 1252 indagare.

239 1280 321 1322 Sed
355 1283 437 1321 iam
472 1296 522 1322 ex
555 1282 617 1321 liis
651 1282 775 1321 facile
809 1281 1074 1333 intellegitur,
1108 1295 1230 1333 quam
1267 1281 1376 1320 male
1409 1282 1442 1320 is
1477 1279 1671 1320 debuerit

119 1353 227 1393 ferre
262 1354 411 1392 aetatis
446 1366 545 1392 suae
569 1358 699 1391 artem
724 1352 860 1402 vilem,
894 1365 975 1403 qua
1009 1365 1089 1391 non
1115 1350 1239 1391 rebus
1271 1352 1312 1390 in
1347 1350 1668 1390 sermocinando

120 1422 192 1463 sed
225 1421 361 1462 verbis
396 1422 494 1462 solis
529 1423 772 1462 navaverint
806 1435 987 1474 operam.
1041 1421 1257 1461 Tinnitum
1289 1422 1398 1460 enim
1431 1421 1547 1460 illum
1580 1434 1668 1460 ver-

119 1492 265 1533 borum
300 1507 451 1533 vanum
493 1499 618 1545 atque
656 1493 833 1532 inertem
874 1499 914 1532 et
953 1492 1230 1532 elocutionem
1272 1492 1384 1531 illam
1424 1491 1668 1543 garrulitate

120 1564 285 1616 plenam
321 1570 361 1603 et
393 1565 433 1603 in
468 1564 685 1603 sententiis
708 1562 970 1602 inveniendis
1004 1569 1044 1602 et
1072 1561 1317 1614 eloquendis
1341 1560 1530 1601 verbisve
1565 1560 1669 1600 deli-

118 1633 263 1685 gendis
286 1633 617 1674 imbecillitatem
642 1647 724 1686 qua
748 1647 877 1685 usque
903 1647 950 1673 eo
976 1638 1170 1685 poterant
1192 1631 1400 1685 progredi,
1425 1638 1469 1671 ut
1492 1632 1547 1684 (1,
1573 1634 1667 1681 102)

119 1704 232 1755 „Der
265 1703 581 1744 widerhallbare
615 1704 855 1743 Widerhall
892 1703 995 1743 hallt
1035 1703 1177 1754 nach··',
1223 1709 1268 1742 ut
1301 1709 1443 1742 nostro
1478 1715 1668 1742 sermone

120 1789 214 1814 cum
246 1774 444 1814 Meistero
479 1789 516 1827 p.
540 1777 606 1825 47,
641 1774 709 1827 (cf.
732 1789 770 1827 p.
798 1777 848 1814 16
880 1774 1023 1826 supra)
1065 1780 1169 1815 utar.
1207 1786 1283 1825 pro
1324 1774 1508 1812 carmine
1542 1771 1667 1824 digno

118 1845 299 1885 vendere
323 1844 538 1890 auderent,
562 1845 666 1885 haec
690 1846 829 1884 omnia
853 1858 1039 1884 summae
1058 1845 1185 1883 totius
1203 1856 1301 1883 suae
1318 1844 1418 1882 artis
1434 1856 1668 1894 repugnare

118 1915 309 1955 Persium
344 1917 522 1955 sensisse
557 1923 596 1955 et
629 1917 811 1967 graviter
843 1915 987 1954 tulisse
1022 1928 1095 1953 nos
1131 1913 1298 1966 quidem
1324 1927 1432 1952 nunc
1456 1914 1667 1953 sentimus.

119 1985 227 2026 Nam
276 1988 352 2026 etsi
384 1987 587 2038 ineptiam
632 1999 845 2038 nunquam
891 1999 1056 2025 omnem
1100 1985 1329 2037 poterimus
1370 1982 1611 2023 abiudicare
1645 1996 1669 2022 a

121 2056 266 2097 Persio
290 2058 381 2109 ipso
406 2071 540 2110 neque
565 2070 716 2109 negare
736 2069 1049 2108 nonnumquam
1070 2056 1252 2094 caruisse
1270 2054 1483 2105 ingenium
1501 2052 1668 2103 iudicio,

120 2127 170 2167 ab
204 2127 369 2167 illorum
404 2127 615 2167 cacozelia
647 2128 671 2167 i.
695 2141 726 2168 e.
760 2140 858 2179 ..per
891 2125 1219 2165 adfectationem
1264 2124 1426 2164 decoris
1461 2124 1667 2175 corruptis

119 2199 349 2248 sententiis,
373 2211 465 2237 cum
491 2212 540 2237 eo
564 2199 655 2249 ipso
680 2196 957 2236 dedecoretur
980 2197 1126 2247 oratio.
1151 2208 1232 2247 quo
1256 2194 1328 2234 illa
1351 2194 1481 2233 voluit
1505 2194 1667 2232 ornari“

119 2267 190 2319 (cf.
223 2268 364 2308 Diom.
399 2266 495 2309 GL.
524 2267 559 2320 Ι,
582 2282 619 2320 p.
635 2270 749 2321 451),
790 2267 970 2307 voluisse
1010 2265 1201 2306 Persium
1242 2272 1401 2304 certum
1442 2270 1504 2303 est
1543 2269 1667 2315 atque

118 2347 219 2391 puto
254 2338 421 2379 distare.
474 2338 631 2378 Plenae
661 2344 785 2390 atque
816 2343 938 2390 aptae
970 2337 1202 2376 sententiae
1228 2335 1305 2375 soli
1339 2341 1463 2386 atque
1497 2334 1667 2385 imagini

118 2408 282 2448 vividae
316 2408 564 2448 efficiendae
599 2415 688 2448 tota
721 2409 808 2448 eius
843 2408 969 2447 servit
1002 2421 1080 2447 ars.
1134 2404 1275 2458 Quare
1306 2404 1526 2444 verborum
1562 2404 1667 2442 anti-

119 2479 244 2519 thetis
262 2493 342 2519 non
358 2485 480 2532 putat
495 2480 681 2518 carmina
697 2492 771 2518 sua
790 2492 879 2518 esse
904 2477 1104 2527 ornanda,
1127 2475 1250 2516 rebus
1274 2475 1433 2514 mavult
1456 2487 1668 2526 opponere

120 2563 202 2589 res:
237 2562 387 2589 moneo
422 2549 473 2589 de
506 2548 731 2589 luminibus
766 2549 967 2588 orationis
1001 2546 1216 2599 „Romule,
1250 2548 1394 2585 ceves‘·'
1425 2547 1569 2597 (1,87)
1603 2544 1665 2583 vel

120 2619 170 2659 de
209 2619 302 2659 loco
341 2619 420 2659 1110,
447 2620 624 2658 maxime
660 2620 825 2671 egregio
861 2622 896 2669 3,
923 2621 995 2657 38:
1039 2618 1255 2668 ,.vi1·tutem
1297 2614 1468 2654 videant
1506 2613 1667 2654 intabe-

120 2696 321 2742 scantque
360 2690 541 2729 relicta“'.
605 2688 675 2730 Sic
714 2688 883 2728 Persius
930 2687 1077 2729 ..librat
1121 2689 1162 2726 111
1209 2686 1461 2725 antithetis&
1525 2683 1668 2737 Quid?

120 2774 257 2800 nonne
280 2761 435 2812 passim
461 2773 631 2812 operam
666 2758 792 2810 dedit,
827 2773 877 2798 ne
900 2759 969 2797 vili
1003 2771 1194 2797 sermone
1218 2762 1406 2796 uteretur
1433 2769 1535 2795 neve
1560 2768 1667 2806 quae

118 2831 157 2870 in
195 2831 332 2870 animo
367 2829 540 2870 haberet
579 2831 847 2881 eloqueretur
886 2827 1189 2867 tantummodo,
1252 2826 1388 2866 Immo
1426 2839 1507 2865 non
1541 2824 1666 2864 modo
