1944 3226
1617 154 1668 191 63

122 277 169 310 ut
211 270 370 309 locutio
414 268 618 308 Persiana
662 268 905 308 illustretur.
972 267 1039 307 lbi
1086 269 1193 307 enim
1239 268 1358 307 initio
1405 277 1674 319 opponuntur

122 341 232 380 inter
277 353 319 379 se
359 338 525 378 diversa
565 344 786 390 corruptae
827 339 1077 378 orationis
1115 337 1323 391 general>
1388 337 1489 389 Ipsa
1534 348 1673 377 autem

124 411 308 462 quinque
349 408 644 448 discernuntur
682 422 854 460 genera:
900 411 932 447 1.
965 407 1108 447 inflata
1144 408 1388 460 explicati03
1425 410 1460 446 ἱ).
1493 407 1673 447 infracta

124 485 165 520 et
202 481 244 519 in
285 492 442 519 morem
478 479 630 518 cantici
671 478 797 517 ducta
833 478 904 530 (ssc.
936 479 1198 531 explicatio)3
1240 480 1275 517 3.
1311 491 1456 517 sensus
1492 477 1673 517 audaces

123 557 164 590 et
195 549 320 589 fidem
354 550 526 600 egressi3
560 550 596 589 4.
627 547 831 600 abruptae
855 549 1088 588 sententiae
1113 555 1153 587 et
1177 548 1434 600 suspiciosae
1458 549 1496 586 in
1524 546 1673 599 quibus

122 620 215 672 plus
255 618 581 669 intellegendum
626 624 687 657 est
733 632 858 670 quam
894 617 1168 658 audiendum:
1208 621 1244 657 5.
1280 618 1575 657 translationes
1614 618 1674 656 in-

123 689 398 729 verecundae.
462 687 748 740 Opponuntur
787 694 931 740 aperte
967 691 987 727 1
1015 694 1055 727 et
1080 691 1115 727 9..
1150 691 1172 727 3
1198 694 1238 727 et
1261 690 1297 728 4.
1361 687 1426 727 De
1457 690 1493 727 5.
1516 694 1675 740 postea.

125 759 284 800 Contra
308 762 343 800 2.
372 759 540 799 Persius
570 759 659 810 ipse
691 765 834 810 aperte
863 764 1023 810 pugnat
1045 758 1079 809 L
1108 760 1256 810 l5sqq.
1311 757 1376 797 Ex
1410 758 1674 810 oppositione

123 827 652 882 „aliquando-aliquando‘·'
697 829 786 867 vitii
832 829 953 880 primi
1000 834 1040 867 et
1079 827 1254 867 secundi
1294 827 1575 879 colligendum
1615 834 1675 867 est

124 901 251 939 etiam
295 898 424 939 verba
475 897 644 949 „inflata
690 898 939 950 explicatio“
990 898 1135 937 referri
1181 897 1233 936 ad
1279 899 1676 949 pronuntiationem.

124 984 254 1022 quare
289 969 391 1009 nihil
425 969 479 1009 ad
502 968 692 1009 Persium
729 968 834 1008 haec
865 969 1131 1020 vituperatio.
1187 967 1271 1009 Sed
1300 968 1464 1007 videtur
1489 967 1675 1009 Senecae

123 1040 204 1080 hoc
250 1040 341 1080 loco
390 1053 470 1079 non
511 1041 665 1079 acriter
704 1038 946 1078 distinxisse
987 1040 1195 1079 actionem
1237 1045 1277 1078 et
1317 1039 1676 1090 compositionem.

124 1109 296 1151 Certum
333 1116 396 1149 est
436 1110 620 1161 cogitare
661 1123 753 1148 cum
789 1108 839 1148 de
868 1108 1040 1149 Asianis
1081 1110 1151 1161 qui
1189 1108 1368 1160 grandes
1404 1116 1441 1147 et
1477 1107 1675 1147 sublimes

124 1201 179 1215 z
206 1181 355 1233 ὑψηλοὶ
401 1194 491 1220 esse
539 1179 782 1230 studebant,
819 1179 891 1219 sed
930 1180 970 1218 in
1009 1186 1215 1219 tumorem
1249 1177 1354 1231 (Cic.
1376 1178 1494 1217 Brut.
1521 1182 1569 1218 13
1594 1178 1676 1225 all.)

125 1259 166 1291 et
187 1258 407 1291 ventosam
431 1264 728 1302 enormemque
752 1250 1051 1301 loquacitatem
1078 1249 1266 1299 (Petron.
1289 1251 1326 1299 2,
1354 1252 1395 1302 7)
1424 1247 1677 1288 incidebant.

125 1319 263 1373 Quam
317 1335 417 1361 sane
473 1320 663 1360 Persium
709 1321 848 1372 ipsum
896 1321 1076 1359 maxime
1121 1318 1359 1371 improbare
1406 1319 1568 1358 scimus.
1623 1343 1678 1346 —

124 1391 311 1431 Tertium
357 1392 502 1430 vitium
553 1391 736 1442 pertinet
787 1389 841 1429 ad
886 1404 950 1429 res
1003 1395 1222 1440 tractatas,
1274 1388 1461 1428 indicare
1514 1387 1679 1427 videtur

126 1461 288 1503 Seneca
346 1460 618 1501 immodicum
678 1474 795 1499 usum
857 1459 1195 1512 hyperbolarum.
1254 1484 1310 1487 —
1371 1456 1532 1510 Quarto
1587 1458 1678 1497 loco

125 1533 356 1583 castigatur
400 1532 544 1571 vitium
593 1530 707 1583 quod
752 1530 932 1570 efficitur
977 1529 1144 1569 dicendi
1190 1543 1340 1582 genere
1388 1530 1507 1568 nimis
1554 1527 1679 1568 brevi.

125 1602 323 1655 abrupto,
364 1602 548 1654 ancipiti.
611 1600 703 1641 Nec
736 1608 875 1640 tamen
916 1600 1082 1643 videtur
1122 1599 1285 1640 Seneca
1325 1600 1415 1638 aevi
1454 1600 1599 1637 vitium
1638 1599 1677 1637 in

125 1674 264 1712 animo
289 1672 457 1724 habere,
492 1686 618 1711 unum
644 1671 689 1712 L.
713 1671 961 1711 Arruntium
987 1670 1118 1721 affert,
1152 1671 1221 1722 qui
1247 1668 1525 1710 Sallustianus
1549 1669 1678 1708 voluit

126 1757 229 1785 esse.
287 1742 479 1795 Castigat
519 1749 659 1781 autem
701 1740 864 1782 Seneca
901 1742 993 1781 illas
1036 1740 1186 1793 quibus
1221 1738 1443 1780 Sallustius
1482 1738 1679 1779 floruerat

126 1819 364 1866 amputatas
389 1814 632 1863 sententias,
655 1811 783 1852 verba
802 1819 897 1851 ante
917 1818 1208 1863 exspectatum
1227 1810 1433 1850 cadentia.
1458 1809 1678 1848 obscuram

124 1884 303 1923 rhetoris
344 1882 613 1934 brevitatem,
653 1890 698 1922 ut
736 1896 801 1922 res
842 1896 865 1921 a
899 1895 1001 1921 sana
1041 1881 1225 1920 dictione
1265 1880 1435 1919 alienas.
1492 1878 1678 1918 Aliunde

126 1953 295 1994 Persius
330 1954 408 1993 erit
436 1952 720 2006 explicandus.
776 1952 943 1991 Etenim
979 1953 1065 1991 eius
1101 1950 1346 1990 obscuritas.
1381 1963 1488 2001 quae
1512 1962 1592 1988 11011
1620 1956 1680 1988 est

126 2025 166 2064 in
203 2023 370 2076 dialogo
407 2023 700 2076 componendo
735 2023 980 2075 gravissima
1015 2021 1160 2073 (Jahn.
1192 2036 1228 2073 p.
1253 2020 1428 2073 CVII.).
1473 2020 1599 2058 immo
1639 2020 1679 2058 in

126 2094 298 2146 singulis
342 2093 480 2134 verbis
527 2095 707 2133 maxime
754 2094 1000 2145 conspicua,
1047 2091 1101 2131 ad
1141 2105 1232 2131 eam
1272 2091 1527 2143 peculiarem
1571 2089 1680 2128 illius

126 2166 219 2204 aevi
264 2171 396 2204 artem
444 2163 684 2204 revocanda
731 2170 810 2215 est,
857 2162 907 2202 de
954 2176 1037 2214 qua
1073 2160 1360 2213 Quintilianus
1395 2163 1432 2210 8,
1465 2163 1499 2209 2.
1532 2163 1680 2211 12sqq.

125 2240 288 2275 monet:
336 2235 406 2287 qui
446 2236 485 2274 in
527 2236 637 2274 vitiis
679 2233 807 2273 habet
845 2247 1017 2286 pravum
1059 2231 1159 2271 illud
1202 2229 1456 2271 obscurandi
1499 2229 1679 2269 studium

126 2312 253 2358 atque
288 2307 328 2345 in
363 2306 556 2358 pessimis
589 2305 814 2357 ἀὸιανόητα
847 2304 919 2342 1113
952 2317 1058 2355 (11130
1092 2310 1309 2341 vocantur.
1366 2300 1519 2340 Procul
1554 2298 1680 2339 dubio

126 2375 299 2415 Persius
342 2390 392 2415 ex
432 2377 490 2415 eis
525 2382 614 2415 erat
647 2388 751 2418 unus
786 2374 1009 2424 σκοτεινάς,
1050 2373 1120 2425 (1111
1160 2371 1225 2423 ..id
1265 2371 1432 2411 demum
1472 2370 1683 2421 eleganter

128 2455 254 2498 atque
289 2447 494 2498 exquisite
528 2445 687 2484 dictum
720 2445 972 2496 putaverint,
1007 2442 1120 2495 quod
1148 2440 1510 2494 interpretandum
1534 2444 1678 2480 essetf

128 2516 432 2556 Verumtamen
474 2516 729 2568 vituperavit
772 2514 853 2554 hoc
892 2513 1074 2554 studium
1117 2511 1403 2564 Quintilianus
1441 2511 1481 2549 in
1518 2518 1682 2549 oratore

248 2668 274 2710 ¹)
301 2666 478 2710 Equidem
520 2667 636 2699 debeo
677 2666 803 2699 harum
845 2676 962 2698 rerum
1002 2663 1187 2696 scientiam
1220 2662 1262 2696 G.
1290 2662 1336 2695 H.
1364 2661 1518 2694 Miillero
1557 2661 1681 2693 sodali.

127 2725 266 2759 Poteris
300 2737 383 2758 mox
416 2737 494 2758 cum
527 2726 563 2758 in
598 2726 713 2757 lucem
747 2724 919 2766 prodierit
959 2722 1121 2755 conferre
1163 2723 1236 2754 eius
1270 2721 1558 2753 dissertationem
1593 2730 1683 2762 quae

127 2785 344 2818 inscribetur
382 2784 732 2826 „animadversiones
767 2783 810 2815 ad
844 2782 884 2815 L.
912 2781 1051 2814 Annaei
1087 2779 1245 2813 Senecae
1279 2780 1449 2822 epistulas
1483 2789 1575 2821 quae
1602 2781 1683 2811 sunt

128 2844 172 2876 de
200 2843 363 2876 oratione
392 2845 630 2885 spectantes“.
