1944 3226
205 203 255 240 12

201 316 518 357 consuetudinis
551 319 687 369 primo
723 319 900 370 quisque
935 318 1085 358 obtutu
1118 321 1159 359 in
1194 319 1341 361 Persio
1375 321 1499 373 videt,
1532 323 1591 362 ita
1624 328 1758 362 totum

199 386 391 426 Persium
437 394 679 427 accuratum
728 387 861 440 plebis
908 390 1112 430 sermonis
1160 391 1396 443 exemplum
1444 405 1525 432 non
1572 406 1662 433 esse
1705 392 1756 433 ab

199 458 318 496 initio
354 463 557 497 statutum
587 457 790 498 habemus
815 465 941 511 atque
966 473 1225 512 persuasum.
1291 461 1396 501 Eam
1422 475 1547 513 quam
1570 462 1756 503 Marxius

200 528 438 579 nuperrime
473 528 662 568 elocutus
697 534 759 568 est
792 542 886 568 ann.
918 543 1009 569 nov.
1042 532 1164 582 1909,
1197 545 1234 583 p.
1264 535 1368 572 435:
1414 531 1644 582 „demnach
1670 532 1758 586 gibt

200 611 242 636 es
288 597 425 637 weder
469 599 535 637 ein
571 597 944 651 Solisiftdenkmal,
986 599 1060 640 das
1099 614 1204 652 ganz
1237 615 1318 641 von
1348 602 1644 655 Vulgarismen
1678 603 1757 644 frei

198 668 269 718 ist,
325 667 434 707 noch
488 669 552 708 ein
609 667 971 710 Schriftdenkmal
1025 670 1097 710 des
1151 670 1372 712 absoluten
1412 672 1752 725 Vulgiirlateins“

198 743 387 778 tenemus
421 740 640 779 rationem.

315 808 435 849 Inter
466 810 560 862 ipsa
593 809 901 851 dissertationis
935 810 1125 851 subsidia
1158 812 1353 865 equidem
1386 814 1756 866 grammaticorum

197 880 440 919 testimonia
455 885 500 919 ut
522 879 635 920 haud
658 882 777 932 parvi
799 883 924 934 pretii
943 888 1112 934 praeter
1130 888 1270 923 cetera
1285 897 1367 924 non
1388 898 1477 924 esse
1498 884 1756 937 neglegenda

198 962 367 1000 cense03
413 963 509 990 nam
555 964 647 1000 oum
690 965 739 991 ea
777 952 944 1003 linguae
984 952 1140 993 latinae
1181 955 1331 994 notitia
1370 968 1445 995 nos
1484 954 1633 995 imbuti
1673 969 1752 996 uon

198 1021 343 1072 simus,
389 1025 434 1060 ut
477 1022 520 1060 in
567 1023 655 1061 eius
694 1021 810 1062 modi
855 1023 1173 1075 quaestionibus
1213 1030 1372 1064 certum
1413 1039 1578 1078 semper
1614 1025 1755 1066 facere

196 1091 405 1142 possimus
438 1091 652 1143 iudicium,
685 1093 770 1132 iam
803 1092 1061 1133 concedetur
1092 1094 1185 1146 plus
1227 1094 1309 1134 illis
1348 1095 1619 1136 tribuendum
1653 1110 1755 1148 esse,

198 1162 267 1213 qui
290 1162 434 1214 lingua
456 1162 588 1202 latina
611 1168 656 1202 ut
678 1163 905 1203 vernacula
919 1169 1046 1216 atque
1072 1166 1214 1204 nativa
1237 1166 1300 1205 usi
1319 1167 1411 1217 sint,
1436 1180 1561 1219 quam
1585 1166 1753 1207 auribus

199 1232 363 1272 nostris.
416 1231 541 1272 Nova
565 1238 705 1273 autem
730 1233 1013 1285 cognoscendi
1036 1236 1104 1274 via
1129 1241 1191 1275 est
1213 1236 1441 1288 patefacta,
1475 1251 1569 1276 eum
1603 1250 1754 1290 corpus

195 1302 495 1354 glossariorum
519 1303 746 1344 latinorum
766 1303 935 1344 Loewei
952 1303 1119 1346 Goetzii
1135 1307 1244 1346 euris
1258 1307 1301 1346 in
1316 1307 1453 1347 lucem
1467 1307 1636 1360 prodiit.
1688 1307 1755 1348 Ex

197 1372 346 1425 quibus
371 1379 575 1426 quantum
599 1380 743 1427 posset
765 1375 977 1415 exhauriri
1009 1376 1050 1415 in
1074 1376 1265 1417 Petronii
1288 1391 1480 1418 sermone
1502 1377 1753 1419 illustrando

197 1457 329 1496 nuper
343 1443 538 1484 Heraeus
553 1445 884 1486 luculentissime
901 1445 1207 1487 demonstravit
1221 1461 1359 1500 progr.
1376 1447 1613 1489 Offenbaoh
1632 1451 1754 1490 1899.
