1944 3226
196 176 247 212 72

193 289 391 329 Wilcken
410 288 632 328 Windisch
654 287 931 327 Windscheid
949 285 980 343 ’Σ-
997 288 1138 327 Wirth
1156 287 1411 328 Witkowski
1430 287 1604 330 Wundt.
1647 288 1750 328 Pro-

193 361 406 400 seminarii
430 359 631 411 philologi
655 372 730 411 per
753 364 902 410 quater
925 372 1048 398 senos
1072 372 1237 398 menses
1257 358 1413 398 sodalis
1433 358 1505 409 fui,
1530 373 1604 411 per
1621 373 1749 398 unum

193 432 333 470 senior
350 430 547 481 auspiciis
566 429 813 468 Immischii.
848 426 1007 480 Quinto
1027 430 1246 468 semestrio
1264 430 1305 468 in
1327 430 1596 468 seminarium
1615 428 1749 481 philo-

192 502 373 554 logicum
406 506 601 552 receptus
636 514 727 539 sum
760 498 1078 538 moderantibus
1106 499 1267 538 Betheo
1302 498 1558 539 R.Heinzeo
1590 498 1750 552 Lipsio.

193 571 445 613 Ordinarius
480 569 637 609 sodalis
673 569 731 609 fui
765 583 839 622 per
872 583 1038 611 annum.
1104 569 1333 609 Praeterea
1372 569 1425 608 ad
1463 570 1749 621 germanicum

193 642 461 682 seminarium
495 640 674 692 benigne
710 640 868 679 aditum
904 639 1005 679 mihi
1035 639 1236 692 patefecit
1265 638 1444 690 Sievers,
1477 639 1531 679 ad
1564 639 1750 691 philoso-

194 713 360 765 phicum
396 711 449 751 M.
467 709 676 766 Heinze†
712 710 863 757 Barth,
903 710 954 749 ad
995 710 1328 762 paedagogicum
1368 710 1626 762 Jungmann.
1678 709 1750 750 Ad

193 783 498 836 proseminaria
530 796 596 821 me
637 781 899 821 admiserunt
937 782 1177 832 germanica
1218 780 1328 820 Holz
1370 780 1531 820 Koster
1571 778 1750 831 Sievers.

192 853 244 893 ad
280 854 603 893 exercitationes
637 853 899 904 germanicas
935 851 986 891 de
1024 850 1210 902 Bahder,
1250 853 1411 903 geticas
1447 850 1575 902 Holz,
1615 850 1749 903 philo-

193 924 387 977 sophicas
413 923 567 975 Wirth‚
601 923 946 973 archaeologicas
972 920 1197 962 Schreiber
1221 921 1492 971 Stmlniczka,
1525 921 1749 961 historicas

193 994 513 1045 Gardthausen,
551 992 863 1045 paedagogicas
899 992 1132 1033 Hofmann.
1198 990 1361 1044 Quibus
1401 991 1749 1044 praeceptoribus

192 1065 368 1105 multum
393 1063 526 1104 debeo
550 1065 813 1115 gratiamque
839 1062 973 1102 habco
999 1062 1205 1102 omnibus.
1239 1062 1543 1102 Verumtamen
1568 1063 1749 1101 maxime

191 1135 422 1176 Ricardum
447 1134 697 1184 Heiuzeum,
732 1135 801 1186 qui
830 1135 954 1173 etiam
985 1133 1081 1172 huic
1110 1133 1313 1185 opusculo
1341 1132 1438 1172 inde
1461 1146 1485 1172 a
1507 1131 1749 1184 primordiis

193 1220 355 1246 summa
389 1198 482 1245 cum
516 1204 770 1245 liberalitate
805 1210 930 1256 atque
965 1204 1227 1244 humanitate
1261 1204 1378 1254 favit,
1411 1217 1476 1242 me
1506 1204 1749 1255 provexisse

191 1283 310 1329 grato
345 1275 546 1329 profiteor
581 1290 655 1315 uec
680 1289 761 1315 non
790 1274 996 1314 Betheum
1022 1280 1062 1315 et
1086 1274 1277 1327 Lipsium
1302 1273 1536 1314 studiorum
1561 1286 1749 1313 meorum

192 1349 380 1388 fautores
413 1347 543 1386 fuisse
577 1345 998 1385 benevolentissimos
1033 1359 1197 1397 semper
1229 1343 1487 1385 recordabor
1519 1345 1670 1385 animo.

310 1418 507 1469 Denique
547 1431 622 1469 per
663 1416 741 1456 hoc
781 1416 955 1456 lustrum
998 1430 1080 1468 quo
1122 1415 1293 1467 Lipsiae
1334 1421 1619 1455 commoratus
1659 1428 1750 1454 sum

193 1489 368 1529 aedibus
403 1489 590 1528 amoenis
626 1493 667 1527 et
700 1486 1004 1527 consuetudine
1038 1485 1223 1526 iucunda
1249 1486 1351 1525 mihi
1378 1486 1496 1525 licuit
1522 1486 1584 1524 uti
1609 1485 1750 1537 patrui

193 1559 407 1600 Theodori
437 1558 690 1599 Schonbach
726 1559 795 1611 qui
830 1559 940 1597 vitae
974 1556 1218 1597 moderator
1250 1556 1352 1596 mihi
1385 1556 1465 1595 fuit
1498 1555 1750 1607 adiutorque

192 1630 299 1670 adeo
329 1631 515 1670 sincerus
542 1635 588 1669 ut
617 1643 750 1681 neque
779 1628 902 1668 dictis
932 1642 1066 1680 neque
1094 1627 1217 1667 factis
1241 1641 1427 1679 unquam
1455 1627 1556 1666 satis
1581 1625 1751 1678 dignam

193 1703 230 1741 ei
263 1701 442 1753 gratiam
476 1714 541 1740 me
574 1713 700 1752 posse
734 1699 891 1739 referre
926 1698 1147 1738 confidam.
