1944 3226
249 230 297 267 16
1403 227 1437 279 1,
1456 230 1520 280 12,
1546 231 1710 282 13sqq.‚
1735 232 1800 271 17.

245 343 429 385 Grundr.
444 344 505 395 II,
525 348 542 384 1
564 346 736 396 (1889),
760 358 797 396 p.
815 344 929 396 324).
979 341 1160 396 „Splew‘
1185 350 1324 384 autem
1347 344 1596 385 vocabulum
1618 348 1800 398 positum

244 416 421 454 eximiae
455 415 555 454 artis
590 420 651 453 est
687 413 935 464 Persianae,
969 413 1020 453 de
1055 428 1136 466 qua
1169 415 1210 454 in
1244 416 1482 455 universnm
1516 417 1598 455 iam
1638 418 1803 458 monuit

243 485 417 525 Meister
451 484 661 538 (Versuch
696 483 799 523 iiber
832 483 1000 523 Persius
1036 490 1110 524 sat.
1142 484 1174 535 L
1215 487 1446 538 92—106‘).
1509 485 1657 526 Habet
1690 488 1800 527 enim

243 555 412 595 Persius
435 560 479 594 nt
504 554 683 606 augendi
707 554 919 594 studiosus
941 555 981 594 in
1010 553 1169 594 deliciis
1192 555 1417 595 affectuum
1442 569 1522 595 non
1541 556 1799 609 simplicibus

243 625 457 665 vocabulis
496 626 569 676 uti,
609 624 680 664 sed
722 624 773 664 ad
809 626 989 677 origines
1030 624 1236 677 sedesque
1270 627 1383 677 ipsas
1417 627 1557 678 potius
1591 627 1800 669 recedere.

241 696 348 735 Nam
386 694 555 736 Servius
588 694 697 735 Aen.
722 699 758 746 6,
782 696 884 735 596;
947 696 1105 744 ,.risus“
1141 696 1279 748 inquit-
1311 697 1375 747 „in
1411 696 1616 748 splene“
1650 700 1687 748 8,
1716 701 1798 738 219

245 767 413 818 „splene
442 765 626 805 ridemus
652 765 882 805 secundum
904 765 1146 818 physicos·‘.
1185 765 1255 819 (cf.
1278 766 1381 806 Isid.
1405 766 1477 806 XI
1496 770 1531 817 l,
1559 769 1660 818 1253
1687 768 1800 823 127.)

240 837 410 877 Persius
455 838 582 888 igitur
624 835 816 876 inaudito
857 850 956 876 sane
998 836 1182 888 quodam
1221 836 1347 876 modo
1389 850 1431 877 se
1467 838 1556 890 ipse
1591 837 1800 890 significat

241 907 293 947 ad
346 906 682 947 cachinnandum
735 908 853 959 quasi
897 913 1064 946 natum
1116 907 1180 947 vel
1221 913 1333 947 certe
1374 909 1494 960 quasi
1536 914 1684 948 natura
1724 910 1800 948 im-

239 979 416 1031 pulsum,
464 983 507 1017 ut
552 977 805 1029 depravatos
852 991 988 1017 mores
1028 977 1250 1017 inridendo
1296 979 1608 1030 perstringeret.
1673 977 1797 1031 Quod

241 1063 339 1088 sane
374 1054 436 1088 est
469 1054 636 1088 auctum
671 1047 775 1087 illud
803 1048 970 1087 Horatii
1005 1047 1206 1099 „ridendo
1237 1047 1377 1088 dicere
1407 1051 1574 1088 verum“'
1599 1056 1640 1088 et
1661 1050 1798 1102 ipsum

240 1125 416 1171 augetur
448 1118 593 1159 addito
632 1119 863 1170 „petulanti
897 1119 1082 1171 splene·‘.

361 1193 511 1242 l3sqq.
576 1189 641 1229 De
675 1196 764 1229 toto
800 1197 1001 1241 sequente
1025 1190 1118 1229 1000
1142 1190 1183 1228 111
1208 1190 1446 1229 universum
1472 1189 1666 1229 conferas
1691 1204 1799 1242 quae

240 1260 290 1300 de
335 1268 573 1313 temporum
629 1274 799 1300 suorum
857 1259 1097 1312 depravatis
1150 1259 1337 1299 moribus
1395 1266 1564 1300 narrant
1608 1258 1800 1301 Seneca

240 1345 331 1384 epp.
350 1334 443 1372 114.
478 1330 688 1370 Tacitus
712 1330 808 1372 dial.
827 1334 891 1381 26,
916 1330 967 1370 de
990 1331 1256 1370 recitantium
1283 1329 1568 1370 schematibus
1587 1336 1801 1384 φορτικοῖς

239 1408 279 1442 et
324 1401 583 1441 audientium
632 1401 682 1441 de
728 1401 913 1441 moribus
948 1401 1254 1441 Plutarchus
1294 1401 1365 1441 illo
1406 1400 1512 1441 libro
1547 1403 1616 1454 qui
1651 1411 1713 1441 est
1746 1401 1798 1441 de

239 1480 352 1512 recta
381 1474 544 1512 ratione
575 1471 793 1521 audiendi,
823 1471 986 1512 Seneca
1017 1471 1068 1511 de
1098 1471 1209 1511 brev.
1237 1473 1306 1512 vit.
1333 1474 1450 1523 123.
1502 1471 1801 1512 Friedlaender

237 1543 330 1583 hist.
355 1557 456 1584 mor.
481 1543 577 1582 ΠΙ6
592 1546 777 1595 42031111.

359 1617 422 1655 17.
447 1614 546 1653 Η110
572 1613 757 1666 „liquido
782 1627 875 1653 cum
898 1614 1107 1666 plasmate
1130 1619 1274 1665 guttur
1296 1611 1453 1652 mobile
1477 1613 1711 1653 conlueris“
1737 1619 1802 1653 est

238 1684 516 1724 referendum.
581 1683 666 1725 Sed
712 1683 763 1724 de
807 1673 1020 1736 ..1111131110ὂί
1065 1685 1180 1724 vocis
1220 1685 1399 1736 primum
1440 1684 1481 1722 in
1521 1683 1601 1723 hac
1640 1697 1684 1723 re
1720 1698 1799 1723 usu

238 1754 473 1806 ambigitur.
538 1755 617 1795 Est
662 1756 771 1794 enim
816 1756 855 1794 in
902 1755 1128 1807 propatulo
1175 1753 1501 1806 scholiographo
1547 1753 1627 1793 hac
1671 1755 1711 1793 in
1751 1768 1796 1794 re

238 1827 534 1865 auctoritatem
556 1826 710 1865 nullam
735 1840 825 1865 esse
845 1825 1162 1874 vindicanclani;
1183 1838 1276 1864 nam
1295 1838 1387 1864 011111
1404 1825 1589 1876 scripsit:
1613 1825 1799 1877 „plasma

237 1903 300 1936 est
343 1898 459 1948 potio
506 1910 587 1949 qna
632 1902 807 1935 utuntur
851 1886 999 1935 musici
1046 1904 1086 1935 et
1132 1896 1202 1948 qui
1242 1896 1356 1935 vocis
1398 1894 1600 1934 affectant
1642 1894 1799 1935 habere

237 1966 514 2018 dulcedinem,
550 1967 655 2007 solet
689 1968 799 2006 enim
832 1980 977 2006 vocem
1012 1966 1119 2006 bene
1153 1971 1373 2006 sonantem
1407 1965 1589 2017 facerff‘,
1620 1966 1796 2005 venitin

237 2038 509 2089 suspitionem
552 2037 723 2077 alteram
766 2037 887 2077 huius
927 2036 1123 2077 vocabuli
1163 2038 1377 2076 notionem
1411 2049 1539 2088 prave
1572 2035 1670 2075 hnic
1703 2036 1798 2075 loco

235 2108 443 2159 intulisse,
478 2122 559 2147 non
599 2108 855 2147 intellexisse
888 2114 1040 2160 poetae
1075 2115 1271 2146 mentem.
1334 2106 1483 2159 Neque
1517 2107 1626 2146 enim
1659 2107 1798 2158 potuit-

236 2179 450 2230 potionem
471 2177 636 2218 Probus
660 2180 701 2218 in
727 2179 865 2218 animo
889 2177 1058 2228 habere,
1082 2191 1175 2217 cum
1198 2176 1396 2217 Aeneida
1418 2177 1523 2217 velle
1547 2177 1796 2229 plasmate

237 2249 333 2300 legi
367 2250 560 2301 exposuit
593 2249 760 2302 (Hagen
786 2249 911 2297 1112,
934 2263 972 2301 p.
995 2251 1090 2299 328,
1116 2248 1198 2301 30).
1258 2247 1396 2287 11111110
1438 2247 1560 2299 longe
1600 2247 1681 2287 alio
1716 2247 1796 2287 hoc

236 2327 415 2371 spectat:
448 2334 543 2359 nam
565 2318 777 2372 Georgica
797 2318 1010 2372 quomodo
1036 2319 1420 2371 pronuntiarentur,
1445 2319 1585 2358 statim
1611 2316 1797 2357 ostendit

237 2396 309 2434 (sc.
327 2390 555 2442 Vergilius)
582 2390 761 2429 dicendo
787 2390 864 2442 (ge.
889 2394 923 2435 1,
941 2390 1011 2443 5.);
1041 2389 1162 2439 „hinc
1187 2402 1368 2428 canere
1392 2389 1633 2441 incipiam&
1685 2387 1795 2427 Item

236 2460 430 2500 Aeneida
454 2462 651 2512 qnoniam
675 2462 922 2512 plasmate
947 2460 1047 2512 legi
1070 2459 1252 2510 volebat,
1281 2460 1338 2498 ait
1364 2458 1490 2511 (Aen.
1516 2461 1632 2509 1.1.)‚
1657 2472 1798 2510 „arma

235 2532 452 2583 virumque
477 2534 642 2570 cano⁴‘.
689 2530 773 2570 Hic
798 2536 860 2570 est
882 2531 1045 2583 plasma
1069 2530 1264 2569 :lectio
1288 2531 1328 2568 in
1355 2530 1565 2568 canticum
1590 2528 1797 2568 dissoluta

235 2616 359 2653 quam
404 2608 527 2641 vocat
573 2600 859 2654 Quintilianus
898 2603 931 2651 l,
962 2604 999 2652 8,
1033 2604 1068 2642 ἱ).
1132 2598 1251 2652 Quae
1293 2600 1344 2639 sit
1383 2600 1498 2652 prior
1536 2612 1585 2639 ac
1625 2601 1797 2651 propria

236 2673 347 2711 vocis
388 2673 502 2711 notio
543 2686 734 2724 quaeque
774 2673 889 2723 origo
931 2670 1231 2724 quaerendum.
1295 2669 1362 2709 Ac
1397 2683 1558 2721 nequeo
1595 2669 1791 2709 Ernestio

234 2741 483 2794 adstipulari
508 2744 578 2794 qui
603 2744 643 2782 in
667 2743 802 2782 lexico
827 2742 1121 2793 technologiae
1139 2739 1403 2782 Graecorum
1428 2740 1663 2779 rhetoricae
1681 2738 1795 2792 Lips.

237 2814 359 2863 1795,
392 2826 430 2864 p.
456 2816 549 2853 270.
582 2812 672 2852 fieri
702 2814 890 2865 potuisse
920 2817 1057 2864 negat,
1081 2818 1124 2851 ut
1149 2812 1227 2850 nisi
1250 2824 1403 2862 magno
1428 2809 1560 2849 abusu
1584 2810 1675 2862 ipsa
1698 2810 1794 2849 talis

234 2895 313 2921 vox
354 2881 575 2922 delicatior
609 2890 649 2922 et
682 2882 923 2922 effeminata
955 2882 1116 2935 plasma
1152 2881 1373 2928 diceretur,
1415 2894 1508 2919 cum
1542 2893 1591 2919 eo
1625 2880 1794 2919 nomine

234 2953 402 3003 proprie
437 2953 554 3004 potio
590 2966 736 2992 vocem
770 2952 1015 2992 effeminans
1056 2953 1338 3004 insigniretur.
1403 2950 1512 2990 Nam
1553 2951 1586 2989 si
1626 2947 1794 2990 Graeca
